2809 4850
530 373 1333 456 EPISTOLA
1404 377 1864 456 LXXVII.
2013 395 2160 484 279

212 545 446 620 sicam
470 558 672 618 tuam
694 595 719 632 ‚
745 563 835 616 an
860 543 1057 616 mille
1082 543 1890 640 amphoraetranseant:
1919 567 2154 618 saccus

221 681 319 728 es.
374 655 586 760 Quid
634 657 853 750 sapiat
888 674 1243 744 ostreum,
1286 655 1472 749 quid
1519 659 1818 742 mullus,
1870 655 2152 750 optime
2253 665 2256 672 '

216 767 455 854 nost13
500 766 681 840 nihil
718 766 851 838 tibi
888 767 1173 840 luxuria
1200 768 1428 863 tuain
1466 767 1748 839 futuros
1777 789 2004 842 annos
2043 789 2152 836 re-

170 861 181 884 ’
212 875 524 974 servavit
545 876 919 950 intactum.
968 875 1195 971 Atqui
1222 877 1396 950 haec
1431 893 1598 948 sunt
1616 928 1641 963 ‚
1681 899 1721 946 a
1745 875 2010 968 quibus
2032 874 2148 946 in-

218 985 417 1055 vitus
439 983 808 1058 divelleris,
840 985 1043 1092 Quid
1078 1002 1179 1058 est
1201 985 1405 1057 aliud
1435 985 1640 1078 quod
1665 984 1802 1056 tibi
1823 985 1998 1078 eripi
2017 984 2152 1070 do·

214 1095 419 1164 Ieas?
439 1094 729 1180 Amicos
750 1145 773 1182 ,
815 1086 889 1165 et
919 1095 1271 1189 patriam?
1308 1096 1529 1168 Tanti
1557 1095 1756 1168 enim
1797 1096 1992 1170 illam
2012 1117 2152 1192 pu·

216 1219 367 1290 tas,
396 1220 484 1274 ut
509 1205 771 1278 tardius
796 1207 1101 1278 coenes?
1130 1209 1351 1279 solem
1387 1229 1736 1300 quoque,
1784 1207 1840 1277 si
1866 1232 2100 1301 pones
2121 1255 2148 1294 ,

220 1312 748 1414 exstingueres!
803 1315 1011 1417 Quid
1060 1316 1255 1386 enim
1308 1339 1663 1409 umquam
1711 1315 1938 1386 fecisti
1981 1317 2148 1386 luce

220 1419 584 1516 dignum?
609 1416 1001 1511 Confitere,
1036 1445 1183 1492 non
1206 1422 1443 1496 curiae
1468 1440 1586 1508 te,
1613 1445 1766 1494 non
1789 1420 1966 1509 fori,
1991 1444 2146 1494 non

215 1527 444 1622 ipsius
467 1553 706 1600 rerum
730 1546 1020 1600 naturae
1046 1529 1444 1617 desiderio,
1472 1528 1856 1602 tardiorem
1877 1473 1972 1600 ad
1993 1553 2148 1600 mo·-

214 1639 563 1710 1iendum
614 1637 810 1710 fieri:
875 1639 1143 1710 invitus
1189 1639 1532 1732 reiinquis
1587 1639 1964 1710 macellum
1989 1687 2012 1725 ,
2068 1638 2148 1709 in

219 1773 381 1841 quo
418 1747 984 1840 nihilffeliquisti.
1022 1749 1343 1820 Mortem
1372 1749 1620 1834 times;
1651 1764 1725 1818 at
1759 1744 2144 1838 quomodo
2221 1765 2224 1768 ⁴

213 1857 425 1928 illam·
448 1856 685 1928 media
710 1857 1194 1932 oblectatione
1226 1855 1675 1930 contemnis?
1711 1855 1977 1928 Vivere
2001 1854 2140 1928 visa

212 1967 347 2038 scis
372 1966 617 2038 enim?
654 1967 842 2044 Mori
868 1965 1112 2038 times:
1154 1966 1333 2062 quid
1360 1992 1574 2061 porro
1590 1969 1626 2040 Ρ
1660 1970 1790 2040 ista
1816 1971 1962 2042 vita
1985 1991 2144 2043 non

211 2099 415 2148 mors
461 2076 609 2152 est?
650 2076 935 2165 Caesar,
978 2100 1217 2170 quum
1250 2079 1461 2148 illum
1497 2094 1982 2152 transeuntem
2009 2103 2141 2174 per
2223 2103 2234 2121 ¹

206 2187 545 2268 Latinam
568 2187 759 2260 viam
798 2211 985 2258 unus
1010 2211 1103 2258 ex
1136 2187 1624 2260 custodiarum
1653 2191 1975 2288 agmine,
2013 2188 2144 2259 de·-
2256 2212 2266 2228 ¹

208 2298 422 2370 missa
443 2298 773 2392 usquein
795 2315 1047 2394 pectus
1072 2318 1310 2372 vetere
1336 2299 1554 2372 barba
1569 2349 1593 2386 ‚
1635 2315 1916 2398 rogaret
1943 2323 2154 2370 mor·-

206 2426 407 2491 tem:
436 2407 635 2481 Nunc
662 2412 831 2481 enim
849 2463 873 2486 .
914 2408 1199 2503 inquit,
1225 2409 1387 2483 vivis
1416 2414 1461 2481 ἒ
1493 2408 1658 2481 Hoc
1678 2407 1818 2481 istis
1849 2430 2142 2503 respon·

206 2517 551 2591 dendum
570 2535 707 2609 est,
735 2508 999 2614 quibus
1022 2532 1434 2595 succursura
1463 2544 1652 2593 mors
1681 2536 1823 2591 est:
1853 2510 2026 2591 Mori
2049 2522 2153 2589 ti·-

199 2639 345 2700 mes
362 2634 409 2699 ἓ
444 2654 613 2703 nunc
648 2633 815 2701 enim
838 2635 1001 2704 vivis
1021 2638 1065 2701 ἓ
1099 2670 1173 2687 --
1222 2628 1367 2702 Sed
1392 2652 1560 2729 ego,
1586 2630 1866 2721 inquit,
1896 2628 2136 2700 vivere

199 2734 390 2809 volo
408 2790 432 2827 ‚
482 2741 613 2830 qui
639 2730 871 2811 multa
901 2742 1200 2831 honeste
1238 2741 1459 2813 facio:
1505 2741 1772 2811 invitus
1797 2738 2132 2830 relinquo

198 2833 446 2921 officia
466 2848 654 2918 vitae
670 2896 694 2933 ,
727 2846 995 2941 quibus
1032 2846 1345 2919 fideliter
1366 2861 1442 2915 et
1465 2846 1812 2919 industrie
1848 2844 2132 2942 fungor.

196 3004 293 3021 ....
332 2952 598 3056 Quid?
640 2970 727 3023 tu
757 2953 1016 3040 nescis»,
1055 2976 1291 3023 unum
1320 2974 1465 3023 esse
1502 2972 1594 3023 ex
1621 2952 1808 3021 vitae
1851 2951 2134 3039 officiiS‚
2175 3020 2180 3025 .

200 3081 287 3135 et
322 3062 557 3133 mori?
598 3060 913 3138 Nullum
955 3058 1269 3147 officium
1319 3057 1701 3151 relinquis·
1739 3080 1892 3127 non
1937 3056 2134 3129 enim

200 3186 439 3242 certus
481 3192 869 3256 numerus,
912 3190 1137 3261 quem
1180 3156 1437 3239 debeas
1473 3168 1763 3260 explere
1783 3216 1807 3253 ,
1853 3166 2126 3257 finitur.

206 3276 431 3347 Nulla
460 3276 603 3349 vita
626 3293 729 3349 est
754 3300 907 3349 non
937 3276 1208 3351 brevis:
1250 3300 1440 3348 nam
1453 3277 1508 3347 si
1533 3275 1621 3348 ad
1651 3290 1976 3352 naturam
2015 3298 2130 3344 re-

206 3410 377 3457 rum
397 3388 783 3479 respexeris
800 3438 823 3472 ‚
858 3387 1070 3459 etiam
1110 3382 1531 3465 Nestoris'et
1553 3385 1866 3459 Statiliae
1895 3388 2128 3459 brevis

206 3514 350 3582 est,
396 3518 583 3588 quae
620 3495 905 3567 inscribi
946 3518 1434 3581 monumento
1463 3524 1594 3569 suo
1635 3496 1831 3569 iussit
1854 3547 1878 3584 ‚
1925 3497 2128 3569 annis

207 3628 281 3675 se
307 3604 691 3701 nonaginta
717 3630 985 3679 novem
1011 3608 1279 3678 vixisse.
1328 3606 1550 3679 Vides
1579 3607 1928 3679 aniculam
1970 3609 2122 3705 glo·

124 3764 132 3777 ,
203 3710 363 3783 riari
402 3732 767 3787 senectute
811 3717 1067 3813 longae
1112 3717 1500 3809 quis-illam
1534 3714 1712 3785 ferre
1739 3716 2118 3809 potuisset,

200 3823 259 3893 si
282 3824 691 3925 contigisset
714 3828 1185 3902 centesimum
1223 3826 1495 3921 inplere
1512 3825 1552 3898 Ρ·
1589 3826 1989 3933 Quomodo
2017 3826 2118 3898 fa-
