2809 4850
594 366 771 444 ·162
876 369 885 376 ’
1004 355 1592 434 LANNAEI
1653 353 2176 492 SFNE‘CAE

613 523 721 598 >rit
734 573 757 611 ‚
778 537 853 593 et
869 533 1259 613 sequutura
1280 516 1389 596 sit.
1422 513 1813 622 Quidquid
1834 531 1998 588 ante
2022 539 2154 590 nos
2169 511 2332 604 fuit,
2355 538 2556 591 mors

584 659 591 682 ·
628 644 751 704 est.
774 624 981 734 Quid
996 628 1192 700 enim
1215 623 1456 713 refert,
1475 640 1722 696 utrum
1746 648 1900 700 non
1926 624 2236 720 incipias,
2253 649 2346 696 an
2365 625 2556 696 desi·-

626 739 793 816 nas?
822 763 1057 832 quum
1076 736 1452 830 utriusque
1469 736 1571 808 rei
1600 735 1714 808 hic
1736 735 1824 808 sit
1849 735 2176 824 effectus,
2211 759 2366 808 non
2390 759 2554 806 esse.

642 911 654 920 .
727 847 857 920 His
880 861 957 918 et
975 842 1397 919 huiusmodi
1423 845 1560 916 exh
1569 843 2042 917 ortationibus
2062 892 2084 934 ,-
2123 847 2150 940 (
2173 843 2398 916 tacitis
2421 845 2558 917 sci-

624 959 823 1045 licet,
849 978 1015 1027 nam
1038 953 1492 1026 vetbis'locus
1515 955 1670 1026 no'n
1701 955 1910 1047 erat‚)
1935 952 2232 1046 adloqui
2256 977 2378 1023 me
2393 953 2552 1024 non'

624 1066 835 1140 desii:
872 1059 1135 1150 deinde
1164 1063 1508 1156 paulatim
1533 1063 1917 1158 suspirium
1951 1062 2171 1149 illud,
2207 1062 2420 1154 quod
2449 1086 2554 1132 es-

622 1197 697 1246 se
716 1172 859 1245 iam
884 1169 1236 1242 anhelitus
1262 1184 1596 1264 coeperat
1614 1220 1639 1256 ,
1665 1170 2030 1241 intetvalla
2055 1167 2318 1242 maiora
2345 1167 2546 1254 fecit,

624 1299 701 1356 et
719 1279 1153 1355 tetardatum
1172 1293 1311 1367 est,
1328 1302 1413 1350 ac
1433 1278 1786 1350 remansit.
1815 1278 1890 1352 N
1893 1301 1972 1350 ec
1997 1277 2266 1364 adhuc,
2291 1301 2552 1370 quam·
2633 1291 2642 1298 ·

623 1395 731 1470 vis
756 1389 1041 1462 desierit
1060 1439 1083 1478 ,
1124 1413 1216 1460 ex
1238 1404 1486 1460 natura
1514 1387 1677 1461 fluit
1703 1389 1986 1484 spiritus
2008 1417 2024 1458 ε
2061 1388 2550 1477 sentio-haesi-

624 1500 975 1578 tationem
1017 1497 1410 1591 quamdam
1459 1497 1609 1568 eius
1657 1513 1732 1568 et
1773 1521 2076 1570 moram.
2129 1495 2549 1604 Quomodo

622 1610 857 1686 volet!
878 1606 1319 1680 -dumxnodo
1370 1629 1522 1678 non
1563 1631 1657 1680 ex
1677 1608 1930 1680 animo
1969 1609 2332 1703 suspirem.
2382 1609 2552 1680 Hoc

514 1763 527 1772 -
622 1721 763 1796 tibi
804 1717 898 1790 de
943 1739 1063 1788 me
1102 1715 1375 1811 recipe:
1429 1737 1584 1789 non
1631 1717 2034 1811 trepidabo,
2057 1717 2149 1789 ad
2193 1737 2549 1794 extremas

622 1830 767 1918 iam
792 1838 1235 1922 praeparatus
1258 1846 1456 1910 sum3
1496 1823 1676 1896 nihil
1701 1825 1942 1926 cogito
1979 1822 2072 1896 de
2095 1823 2218 1894 die
2241 1840 2426 1895 toto.
2455 1825 2554 1894 11-

621 1937 781 2010 lum
827 1931 1040 2004 lauda
1094 1948 1169 2002 et
1212 1931 1490 2002 imitare
1507 1983 1531 2018 ‚
1587 1957 1814 2026 quem
1864 1955 2017 2008 non
2062 1932 2260 2030 piget
2314 1930 2501 2003 mori
2525 1981 2554 2022 ‚

624 2069 865 2142 quum
890 2043 1089 2118 iuvet
1116 2041 1375 2143 vivere.
1415 2044 1624 2146 Quae
1655 2043 1849 2114 enim
1881 2043 2104 2116 virtus
2135 2057 2272 2132 est,
2301 2064 2549 2134 quum

528 2221 541 2232 .
624 2153 953 2242 eiiciatis,
994 2150 1244 2224 exire?
1303 2151 1585 2224 Tamen
1618 2169 1720 2224 est
1749 2173 1824 2224 et
1850 2151 1966 2226 hic
1999 2153 2258 2224 virtus:
2305 2153 2556 2224 eiicior

626 2263 960 2358 quidem,
982 2256 1111 2329 sed
1136 2273 1507 2352 tamquam
1533 2283 1800 2332 exeam.
1829 2261 1920 2333 Et
1939 2260 2106 2332 ideo
2131 2285 2550 2355 numquam

626 2363 1252 2459 eiicitursapiensa
1280 2366 1451 2458 quia
1477 2365 1650 2444 eiici.
1683 2385 1786 2440 est
1814 2367 1984 2441 inde
2011 2368 2310 2463 expelli,
2343 2361 2560 2441 unde

624 2480 891 2555 invitus
920 2474 1225 2552 recedat
1246 2474 1446 2546 Nihil
1467 2476 1734 2551 invitus
1761 2476 1928 2549 facit
1959 2479 2269 2574 sapietiae
2301 2503 2553 2551 neces·
2598 2497 2610 2507 “

622 2592 903 2669 nitatem
924 2586 1173 2687 effugit
1190 2636 1215 2677 ,
1236 2585 1410 2680 quia
1424 2589 1582 2659 vult
1603 2586 1808 2681 quod
1827 2604 2153 2663 coactura
2171 2606 2294 2661 est.
2317 2587 2520 2663 Vale.

1134 2758 1784 2833 EPISTOLA
1857 2760 2036 2835 LV·

626 2896 710 2957 De
724 2894 908 2951 Vatiae
940 2893 1094 2958 vina,
1114 2905 1168 2948 et
1184 2893 1281 2948 de
1267 2910 1378 2963 ipso
1396 2892 1585 2949 Vatia:
1613 2906 1722 2945 tum
1750 2892 1814 2945 de
1831 2892 1969 2947 bono
2000 2892 2235 2962 maloque
2253 2892 2383 2969 otio.
2417 2892 2553 2950 Item

756 2974 943 3031 amicos
964 2974 1131 3027 animo
1148 2974 1329 3027 adesse
1351 2986 1533 3043 posse.
1555 2986 1607 3026 et
1629 2974 1832 3026 debere.

1013 3105 1352 3177 SENECA
1401 3102 1654 3181 Lucilio
1689 3126 1803 3175 suo
1839 3100 2157 3173 Salutem.

630 3210 765 3353 Α
797 3283 1299 3343 &ESTATIONE-
1328 3290 1560 3360 quum
1594 3266 1906 3337 maxime
1931 3265 2186 3337 venio·
2235 3288 2390 3336 non
2406 3263 2554 3335 mi-

626 3404 765 3452 nus
796 3378 1121 3476 fatigatus
1142 3400 1339 3463 sum,
1385 3399 1605 3467 quam
1631 3374 1686 3444 si
1721 3390 2006 3447 tantum
2032 3375 2500 3447 ambulassem
2519 3423 2564 3461 ,.

628 3508 989 3585 quantum
1013 3488 1188 3563 sedi.
1217 3486 1451 3561 Labor
1477 3502 1578 3559 est
1604 3486 1802 3557 enim
1827 3502 1900 3557 et
1931 3487 2062 3557 diu
2085 3484 2316 3603 ferri,
2314 3509 2400 3556 ac
2423 3507 2552 3555 ne-

535 3664 551 3692 ,
628 3601 770 3672 scio
796 3624 887 3671 an
924 3622 1012 3671 eo
1052 3597 1279 3671 maior
1302 3648 1324 3689 ‚
1360 3597 1530 3691 quia
1559 3612 1804 3669 contra
1829 3614 2153 3671 naturam
2186 3612 2320 3681 est;
2354 3617 2546 3687 quae

627 3694 850 3799 pedes
872 3707 1075 3783 dedit
1091 3758 1117 3797 ,
1144 3724 1229 3780 ut
1253 3730 1382 3801 per
1405 3728 1538 3779 nos
1569 3688 2132 3793 ambularemus;
2159 3722 2230 3777 et
2258 3704 2506 3775 oculos
2525 3752 2550 3789 ,

630 3830 717 3889 ut
738 3840 871 3912 pet
904 3841 1037 3899 nos
1056 3817 1486 3895 videremus.
1522 3816 1984 3891 Debilitatem
2007 3813 2218 3887 nobis
2256 3810 2547 3885 indixe-
