2809 4850
719 393 861 478 ‘254
1091 371 1176 443 L.
1225 361 1687 441 ΑΝΝΑΕι
1734 315 2255 438 SENECAE

817 536 1288 646 Quicumque
1327 530 1576 601 beatus
1602 551 1744 599 esse
1766 526 2171 615 constituit,
2218 544 2465 601 unum
2493 551 2655 601 esse

717 653 1004 726 Bonum
1030 661 1283 742 putet,
1321 639 1528 737 quod
1552 643 1931 741 honestum
1956 658 2077 712 est.
2104 641 2373 741 Nam-si
2391 644 2655 714 ullum

714 761 912 835 aliud
940 757 1292 830 existimat
1311 805 1333 841 ,
1373 753 1689 847 primum
1710 753 1897 822 male
1921 749 2015 822 de
2037 751 2499 824 Providentia
2526 755 2655 822 iu-

719 870 954 954 di'cat3
1002 866 1171 958 quia
1221 863 1452 934 multa
1494 857 1956 932 incommoda
1999 859 2191 931 iustis
2238 860 2399 932 viris
2443 861 2653 932 ‘acci-

715 980 949 1066 dunt,
993 993 1066 1046 et
1088 973 1297 1067 quia,
1349 967 1714 1064 quidquid
1742 969 1949 1040 nobis
1988 969 2188 1041 dedit
2209 1020 2232 1057 ,
2272 970 2511 1043 breve
2540 983 2647 1042 est

717 1105 792 1162 et
823 1085 1199 1183 exiguum,
1251 1083 1304 1150 si
1332 1102 1695 1172 compares
1722 1078 1983 1148 mundi
2016 1080 2233 1149 totius
2266 1103 2475 1152 aevo.
2533 1080 2643 1173 Ex

713 1198 851 1272 hac
891 1191 1382 1288 deploratione
1422 1188 1723 1258 nascitur
1746 1238 1769 1274 ,
1814 1203 1897 1259 ut
1932 1187 2181 1285 ingrati
2208 1189 2640 1262 divinorum

717 1307 1132 1398 interpretes
1157 1299 1389 1370 simus.
1424 1297 1862 1401 Querimur,
1893 1295 2099 1391 quod
2122 1320 2270 1368 non
2296 1319 2598 1394 semper
2614 1352 2635 1388 ‚

715 1415 924 1511 quod
955 1428 1028 1488 et
1051 1434 1273 1506 pauca
1301 1408 1511 1480 nobis
1529 1458 1553 1493 ,
1596 1422 1670 1477 et
1694 1407 1993 1493 incerta,
2042 1423 2117 1478 et
2138 1407 2413 1480 abitura
2460 1431 2645 1481 con-

715 1529 1012 1626 tingant.
1055 1521 1233 1592 Inde
1269 1535 1369 1590 est
1400 1517 1605 1612 quod
1630 1540 1763 1587 nec
1798 1517 2035 1588 vivere
2055 1565 2078 1605 ,
2116 1541 2247 1594 nec
2274 1520 2461 1589 mori
2515 1544 2645 1588 vo-

714 1641 957 1711 lumus
981 1663 997 1704 2
1021 1633 1204 1704 vitae
1233 1653 1361 1700 nos
1383 1628 1637 1698 odium
1664 1641 1898 1714 tenet,
1931 1627 2151 1698 timor
2180 1629 2445 1700 mortis.
2470 1631 2641 1699 Nu-

713 1764 823 1821 tat
847 1759 1068 1819 omne
1089 1741 1509 1823 consilium3
1552 1759 1687 1808 nec
1720 1737 2021 1832 implere
2066 1760 2195 1809 nos
2226 1740 2369 1810 ulla
2406 1739 2641 1812 felici·

713 1857 820 1929 ‘tas
845 1873 1099 1952 potest.
1157 1853 1380 1924 Causa
1403 1866 1643 1919 autem
1684 1862 1832 1935 est,
1881 1848 2089 1942 quod
2128 1872 2277 1958 pon
2298 1853 2641 1945 perveni-

717 1993 879 2040 mus
906 1966 996 2037 ad
1028 1964 1204 2038 illud
1239 1963 1524 2033 bonum
1552 1961 1957 2031 inmensum
1996 1975 2069 2030 et
2110 1961 2641 2056 insuperabile,

716 2075 846 2148 ubi
868 2099 1143 2148 necesse
1165 2087 1272 2150 est
1293 2069 1561 2142 resistat
1577 2072 1905 2142 voluntas
1928 2089 2160 2141 nostra
2184 2123 2205 2158 ‚
2244 2073 2413 2165 quia
2440 2077 2640 2146 ultra

717 2211 1087 2261 summum
1111 2200 1261 2254 non
1296 2199 1397 2252 est
1417 2183 1635 2252 locus.
1670 2217 1741 2232 —-
1778 2180 2076 2285 Quaeris
2094 2232 2117 2269 ,
2146 2205 2363 2274 quare
2378 2183 2645 2256 Virtus

716 2297 928 2370 nullo
954 2293 1198 2392 egeat?
1236 2331 1308 2343 -—
1350 2289 1839 2362 Praesentibus
1866 2289 2160 2386 gaudet3
2190 2315 2340 2362 non
2360 2317 2643 2366 concu-

715 2403 922 2505 piscit
948 2401 1263 2477 absentia
1275 2428 1298 2490 3
1337 2401 1515 2473 nihil
1556 2399 1843 2473 non.illi
1877 2426 2216 2501 magnum
2260 2419 2401 2494 est,
2450 2406 2644 2499 quia

715 2518 898 2589 satis.
932 2514 1049 2587 Ab
1093 2516 1234 2585 hoc
1261 2511 1541 2583 discede
1566 2509 1872 2597 iudicio-3
1923 2535 2073 2583 non
2100 2514 2647 2608 pietas-consta-

701 2625 865 2712 bit,
887 2622 1273 2696 nonfides!
1317 2620 1551 2693 Multa
1577 2634 1963 2713 utramque
1980 2640 2316 2715 praestare
2334 2622 2648 2717 cupien-

713 2734 772 2805 ti
792 2731 1126 2828 patienda
1146 2745 1311 2803 sunt
1333 2754 1426 2802 ex
1447 2730 1553 2800 his
1567 2781 1590 2818 ,
1620 2754 1804 2822 quae
1826 2734 2007 2801 mala
2035 2748 2415 2821 vocantur3
2441 2736 2641 2825 rnul-
2684 2760 2687 2762 “

711 2860 785 2916 ta
817 2840 1276 2939 inpendenda
1305 2865 1397 2911 ex
1440 2842 1588 2928 his,
1640 2841 1907 2933 quibus
1940 2842 2393 2943 indulgemus
2434 2862 2643 2917 tam·-

714 2977 934 3047 quam
963 2950 1193 3022 bonis.
1229 2947 1425 3019 Perit
1440 2946 1836 3034 fortitudo,
1868 2970 2053 3041 quae
2079 2952 2482 3042 periculum
2528 2952 2643 3023 fa-

713 3072 874 3133 cere
921 3058 1142 3131 debet
1180 3054 1326 3129 suit
1387 3056 1575 3150 perit
1612 3058 2189 3154 magnanimitaS,
2240 3083 2423 3151 quae
2470 3082 2643 3131 non

712 3172 1324 3263 potesteminere,
1353 3166 1486 3235 nisi
1503 3164 1748 3236 omnia
1772 3166 1975 3235 velut
1992 3166 2269 3237 minuta
2295 3181 2643 3241 contem-

709 3281 839 3368 sit,
869 3302 1054 3371 quae
1079 3302 1212 3373 pro
1238 3276 1562 3357 maximis
1586 3278 1841 3374 vulgus
1872 3292 2111 3369 optat:
2155 3278 2338 3371 perit
2360 3280 2635 3376 gratia,

713 3407 788 3462 et
817 3389 1060 3460 relatio
1103 3386 1360 3486 gratiae
1403 3385 1807 3457 aestimatur
1843 3386 2077 3473 labor,
2122 3388 2175 3456 si
2212 3388 2643 3481 quidquam

711 3498 1082 3594 pretiosius
1101 3496 1247 3567 fide
1261 3494 1622 3582 novimus,
1646 3495 1699 3565 si
1727 3518 1876 3565 non
1904 3495 2176 3589 optima
2198 3512 2637 3591 spectamus.

811 3607 957 3680 Sed
972 3659 994 3698 ,
1018 3625 1100 3680 ut
1125 3604 1237 3679 illa
1258 3620 1718 3699 praeteream,
1748 3620 1873 3675 aut
1894 3605 2018 3675 ista
2046 3606 2233 3677 bona
2250 3628 2403 3677 non
2422 3626 2634 3698 sunt,

711 3742 899 3813 quae
921 3739 1270 3792 vocantur
1289 3742 1321 3805 3.
1354 3734 1477 3788 aut
1508 3716 1733 3785 homo
1758 3714 2035 3787 felicior·
2057 3718 2215 3789 Deo
2246 3735 2349 3790 est
2369 3770 2394 3807 ,
2434 3742 2638 3811 quo-

710 3825 902 3898 niam
928 3828 1268 3923 quidem,
1309 3847 1496 3920 quae
1532 3841 1771 3919 parata
1806 3824 2015 3899 nobis
2051 3838 2259 3918 sunt,
2284 3848 2457 3900 non
2494 3830 2636 3901 ha-
