2809 4850
680 377 820 456 206
1053 369 1134 445 L.
1185 359 2213 443 ANNAEISENECAE

676 537 998 608 Crescere
1021 557 1242 630 posse,
1267 532 1693 627 inperfectae
1712 531 1813 601 rei
1830 507 2114 627 signum
2132 545 2263 600 ests
2297 526 2593 604 bonum

673 667 894 714 omne
919 643 995 713 in
1023 640 1308 712 easdem
1334 641 1523 712 cadit
1558 641 1781 736 leges=
1814 636 2055 708 iuncta
2088 654 2190 708 est
2219 636 2495 730 privata
2522 656 2593 714 et

671 752 964 846 publica
1000 751 1296 834 utilitas,
1335 765 1481 818 tarn
1512 745 1949 816 mehercules
1979 793 2004 830 ‚
2048 767 2273 836 quam
2311 739 2596 840 insepa-

671 859 894 936 rabile
919 875 1024 932 est
1061 855 1503 930 laudandum
1529 852 2098 958 petendumque.
2149 852 2335 950 Ergo
2364 853 2593 932 virtu-

669 985 776 1040 tes
808 967 990 1038 inter
1013 990 1086 1036 se
1106 956 1306 1059 pares
1321 982 1529 1048 sunt,
1560 978 1632 1034 et
1650 985 1873 1054 opera
1898 963 2293 1048 virtutum,
2324 977 2399 1032 et
2428 985 2591 1034 om-

671 1102 796 1149 nes
824 1077 1187 1162 homines,
1211 1075 1475 1168 quibus
1502 1073 1662 1142 illae
1690 1073 2065 1168 contigere.
2094 1067 2439 1142 Satorum
2464 1097 2591 1143 ve·

672 1211 756 1260 ro
795 1186 1360 1274 animaliumque
1403 1182 1731 1266 virtutes,
1769 1203 2001 1272 quum
2036 1183 2385 1272 mortales·
2408 1182 2591 1271 sint,

671 1299 944 1396 fragiles
966 1319 1272 1389 quoque
1301 1292 1758 1382 caducaeque
1792 1305 1959 1360 sunt
1983 1305 2055 1360 et
2080 1291 2429 1379 incertae3
2468 1317 2594 1378 ex-

659 1410 949 1493 siliunt,
993 1405 1511 1494 residuntque3-
1556 1417 1629 1488 et
1659 1401 1829 1471 ideo
1868 1424 2025 1498 non
2062 1402 2319 1474 eodem
2350 1405 2593 1502 pretio

665 1519 1136 1590 aestimantur.
1164 1513 1320 1586 Una
1339 1511 2055 1592 induciturhumanis
2074 1513 2465 1586 virtutibus
2484 1539 2593 1584 te-

666 1630 868 1728 gula-3
895 1649 1038 1702 una
1065 1624 1254 1695 enim
1274 1639 1378 1694 est
1408 1621 1585 1692 ratio
1610 1637 1797 1691 recta
1817 1671 1840 1708 ,
1869 1622 2345 1716 simplexque.
2378 1612 2591 1706 Nihil

667 1756 772 1812 eet
801 1737 1054 1808 divino
1085 1733 1394 1804 divinius
1414 1781 1439 1818 ,
1484 1732 1769 1826 coelesti
1808 1731 2198 1803 coelestius.
2246 1734 2587 1804 Mortalia

666 1850 1128 1932 minuuntur,
1145 1842 1441 1930 cadunt,
1462 1841 1916 1931 deteruntut3
1941 1858 2287 1938 crescunt,
2318 1846 2589 1916 exhau-

666 1957 988 2043 riuntur,
1017 1953 1405 2044 inplentur.
1456 1949 1705 2042 Itaque
1722 1949 1855 2020 illis
1879 1950 1953 2030 in
1981 1967 2125 2020 tam
2151 1951 2419 2022 incerta
2440 1977 2587 2022 sor-

664 2082 740 2136 te
771 2063 1226 2155 inaequalitas
1253 2073 1384 2132 est:
1428 2057 1841 2146 divinorum
1869 2049 2287 2159 unalnatura
2309 2079 2429 2132 est.
2453 2060 2589 2146 ’Κει-

661 2174 772 2246 tio
797 2191 1040 2245 autem
1074 2170 1254 2242 nihil
1273 2168 1471 2241 aliud
1500 2185 1645 2266 est3
1678 2194 1897 2266 quam
1935 2170 2009 2240 in
2032 2193 2290 2266 corpus
2322 2173 2583 2246 huma-

663 2307 846 2354 num
873 2305 1028 2374 pars
1055 2278 1278 2350 divini
1307 2279 1587 2370 spiritus
1613 2300 1855 2350 mersa.
1879 2276 1949 2348 Si
1975 2279 2153 2352 ratio
2183 2278 2425 2353 divina
2452 2296 2584 2378 est,

663 2395 949 2467 nullum
1001 2407 1248 2463 autem
1293 2388 1573 2477 bonum
1604 2390 1752 2485 sine
1787 2390 2076 2463 ratione¹
2108 2408 2245 2477 θεῖς
2294 2390 2583 2491 bonurn

665 2526 886 2573 omne
935 2500 1262 2571 divinum
1307 2514 1447 2567 est:
1497 2499 1783 2569 nullum
1831 2522 2051 2589 porro
2099 2500 2285 2571 inter
2337 2499 2585 2593 divina.

663 2611 1040 2682 discrimen
1073 2626 1214 2689 est·
1255 2630 1423 2703 ergo
1456 2630 1591 2680 nec
1626 2607 1813 2679 inter
1839 2606 2071 2681 bona.
2102 2608 2295 2679 Paria
2330 2608 2583 2701 itaque

659 2739 826 2792 sunt
872 2740 945 2791 et
986 2720 1366 2817 gaudium,
1412 2735 1484 2788 et
1532 2720 1727 2791 fortis
1774 2738 1995 2813 atque
2040 2700 2393 2794 obstinata
2436 2740 2585 2791 tor·

660 2848 1090 2901 mentorum
1101 2829 1495 2951 perpessio:
1532 2829 1609 2899 in
1625 2844 1954 2921 utroque
1982 2830 2171 2923 enim
2199 2828 2449 2899 eadem
2465 2850 2584 2899 est

653 2942 878 3013 animi
909 2937 1384 3035 magnitudo,
1410 2938 1485 3007 in
1500 2941 1741 3021 altero
1752 2937 2031 3010 remissa
2056 2952 2129 3007 et
2153 2939 2347 3035 laxa,
2376 2938 2456 3009 in
2468 2940 2587 3041 al,

657 3060 812 3123 ἵει-ο
839 3074 1136 3149 pugnax
1171 3067 1243 3122 et
1267 3049 1559 3127 intenta.
1587 3048 1829 3152 Quid.
1812 3049 1845 3099 ἶ)
1884 3065 1965 3121 tu
1984 3066 2139 3137 non
2163 3064 2413 3145 puta-3,
2458 3074 2586 3149 pa·

656 3186 810 3234 rem
837 3187 978 3233 esse
992 3149 1358 3235 Virtutem
1387 3161 1565 3246 eius,
1588 3160 1729 3251 qui
1742 3158 2014 3231 fortiter
2037 3160 2351 3235 hostium
2376 3184 2587 3243 moe-

655 3271 774 3344 nia
815 3288 1240 3367 expugnat,
1255 3286 1328 3339 et
1353 3269 1539 3354 eius,
1568 3267 1699 3359 qui
1721 3262 2183 3339 obsidionem
2216 3268 2582 3362 patientis·

654 3382 830 3453 sime
879 3380 1222 3451 sustinet?
1277 3379 1368 3449 Et
1414 3400 1715 3475 magnus
1754 3376 2033 3473 Scipio,
2080 3380 2211 3473 qui
2248 3381 2321 3451 N
2330 3402 2583 3469 umang
2661 3389 2666 3394 “

653 3491 828 3561 tiam
871 3490 1102 3563 cludit
1139 3506 1211 3563 et
1249 3487 1681 3612 conprimit,
1716 3488 2055 3585 cogitque
2095 3491 2390 3564 invictas
2420 3516 2579 3587 may

653 3620 790 3673 nus
824 3599 908 3671 in
945 3600 1256 3671 exitium
1291 3600 1466 3693 ipsas
1496 3621 1711 3681 suum
1750 3597 1963 3687 verti3
2005 3615 2075 3670 et
2099 3624 2415 3715 magnus
2452 3602 2583 3699 ille

655 3704 1304 3781 obsessorumanim
1313 3733 1431 3794 us
1464 3708 1593 3801 qui
1618 3710 1743 3779 scit
1766 3730 1916 3781 non
1938 3734 2079 3781 esse
2100 3694 2430 3807 clusum,
2458 3713 2577 3807 cui

653 3834 846 3885 more
863 3835 1102 3910 aperta
1123 3837 1260 3908 est,
1281 3835 1356 3891 et
1385 3817 1463 3887 in
1488 3818 1853 3911 conplexu
1876 3814 2215 3893 libertatis
2242 3821 2569 3917 exspirat.
