2809 4850
540 371 705 445 ΕΡ
748 373 785 444 1
832 369 877 444 s
920 356 1000 444 “r
1048 373 1123 446 o
1170 371 1231 446 L
1272 372 1337 446 A
1422 375 1860 454 Lxxxv.
2015 405 2158 482 331

242 553 397 604 non
452 548 644 606 cavet
668 586 679 604 .
699 532 1005 622 malitia,
1058 533 1183 606 sed
1228 534 1498 606 leviore
1556 553 1874 636 vexetur.
1921 579 1994 594 -
2061 539 2162 616 At
2214 593 2222 612 ,

200 637 207 642 ’
242 645 438 714 enim
468 644 883 716 dementem
909 663 1135 739 puto,
1163 645 1295 739 qui
1328 649 1514 717 mala
1541 645 1964 722 inminentia
2006 672 2162 726 non

241 752 664 823 extimescit.
700 793 771 806 -
827 751 1105 827 Verum
1157 770 1301 841 est,
1346 755 1553 847 quod
1595 755 1763 828 dicis
1787 807 1810 844 ,
1861 757 1917 828 si
1977 763 2164 834 mala

240 876 452 942 sunt3
492 861 617 934 sed
658 863 715 935 si
753 864 923 951 scit,
985 866 1167 936 mala
1215 865 1331 936 illa
1383 889 1536 936 non
1581 889 1770 954 esse,
1823 884 1896 938 et
1941 889 2164 942 unam

240 981 525 1042 tantum
552 971 1085 1065 turpitudinem
1104 975 1378 1044 malum
1405 973 1671 1046 iudicat
1688 1000 1707 1060 ς
1741 973 2040 1048 debebit
2058 1001 2162 1050 se-

235 1101 401 1150 cure
446 1081 758 1172 pericula
794 1082 1192 1177 adspicere,
1236 1101 1307 1153 et
1358 1084 1506 1154 aliis
1545 1084 1866 1156 timenda
1912 1105 2161 1158 conte·-

232 1213 525 1262 mneree
554 1209 681 1262 aut
699 1244 721 1280 ‚
752 1193 805 1264 si
829 1195 1027 1264 stulti
1054 1209 1125 1264 et
1149 1193 1449 1265 amentis
1476 1211 1580 1266 est
1601 1247 1624 1282 ,
1669 1201 1850 1268 mala
1884 1219 2038 1292 non
2065 1199 2162 1268 ti-

230 1326 435 1372 mere
456 1353 481 1388 ‚
520 1326 670 1396 quo
698 1302 862 1395 ,quis
890 1301 1317 1395 prudentior
1342 1319 1446 1374 est
1465 1353 1488 1391 ‚
1530 1306 1666 1375 hoc
1693 1306 1982 1378 timebit
2005 1331 2159 1387 ma-

227 1414 343 1510 gis.
372 1451 459 1466 --
493 1413 594 1484 Ut
617 1413 860 1499 vobiS,
892 1413 1171 1504 inquit,
1199 1411 1522 1499 videtur,
1545 1413 1920 1506 praebebit
1941 1439 2014 1486 se
2033 1439 2162 1508 pe·

230 1521 467 1594 riculis
496 1521 715 1594 fortis.
758 1563 829 1574 -
865 1521 1207 1592 Minime!
1240 1543 1393 1594 non
1419 1521 1704 1596 timebit
1724 1524 1872 1608 illa,
1897 1523 2022 1594 sed
2047 1524 2158 1596 vi-

202 1627 443 1702 'tabita
502 1633 739 1702 cautio
781 1633 989 1705 illum
1035 1629 1284 1717 decet,
1333 1631 1554 1704 timor
1595 1655 1751 1704 non
1791 1631 2019 1704 decet.
2067 1667 2141 1686 --

232 1739 435 1846 Quid
464 1741 683 1838 ergo?
714 1741 994 1833 inquit:
1034 1759 1342 1812 mortem
1360 1793 1383 1829 ‚
1411 1740 1725 1827 vincula,
1751 1741 1994 1837 ignes,
2023 1741 2154 1811 alia

231 1847 765 1938 telafortunae,
800 1874 953 1922 non
988 1851 1329 1924 timebit?
1364 1889 1440 1904 --
1499 1849 1702 1924 Non!
1754 1851 1883 1922 scit
1919 1851 2155 1940 enim,

230 1958 343 2030 ina
368 1982 527 2044 non
552 1984 695 2032 esse
718 1963 903 2032 mala
922 2011 949 2046 ,
978 1960 1105 2032 sed
1130 1960 1359 2033 videri
1381 1989 1402 2047 3
1451 1961 1694 2032 omnia
1729 1959 1857 2032 ista
1899 1962 2154 2033 huma-

228 2091 382 2142 nae·
397 2071 593 2144 vitae
644 2067 1059 2144 formidines
1104 2085 1335 2166 putat.
1399 2067 1738 2152 Describe
1787 2069 2155 2162 captivita-

227 2195 371 2253 tem
394 2233 417 2270 ‚
467 2181 799 2268 verbera,
841 2197 1115 2252 catenas
1133 2232 1156 2267 ,
1202 2196 1582 2279 egestatem
1603 2231 1626 2268 ‚
1675 2197 1748 2252 et
1789 2179 2156 2252 membro-

226 2313 385 2362 rum
410 2290 905 2376 limentinum,
934 2291 1051 2360 vel
1075 2315 1203 2384 per
1234 2291 1576 2378 morbum
1602 2341 1625 2376 ,
1659 2291 1774 2360 vel
1803 2312 1928 2381 per
1959 2288 2154 2362 iniu-

225 2397 397 2469 riam
418 2450 441 2487 ,
469 2415 544 2471 et
573 2397 937 2491 quidquid
966 2398 1163 2471 aliud
1190 2399 1557 2485 adtuleris;
1607 2400 1794 2469 inter
1819 2397 2152 2493 lympha-

207 2506 400 2579 xiicos
434 2521 679 2577 metus
713 2525 1062 2581 numerat.
1104 2508 1235 2581 Ista
1286 2508 1550 2584 timidis
1595 2509 1915 2579 timenda
1957 2523 2144 2585 sunt.

225 2612 343 2685 An
378 2616 462 2685 id
484 2608 837 2687 existimas
876 2619 1145 2689 malum
1168 2669 1190 2705 ‚
1234 2618 1326 2687 ad
1359 2616 1566 2711 quod
1589 2618 1980 2711 aliquando
2011 2640 2149 2689 no-

222 2722 333 2795 bis
362 2742 599 2795 nostra
624 2744 881 2819 sponte
905 2726 1344 2797 veniendum
1371 2727 1520 2797 est?

324 2836 657 2939 Quaeris,
688 2834 872 2929 quid
901 2834 989 2905 sit
1014 2834 1337 2909 malum?
1376 2872 1448 2885 —-
1493 2834 1766 2905 Cedere
1792 2836 1898 2905 his
1917 2884 1940 2922 ‚
1963 2858 2148 2928 quae

224 2948 405 3017 mala
434 2961 817 3031 vocantur,
862 2961 934 3013 et
980 2944 1110 3011 illis
1138 2945 1540 3013 libertatem
1583 2968 1782 3015 suam
1828 2945 2096 3017 'dedere
2121 2994 2146 3032 ,

225 3079 357 3148 pro
382 3078 531 3147 qua
558 3069 818 3125 cuncta
854 3052 1195 3145 patienda
1220 3051 1422 3123 sunt!
1465 3051 1657 3123 Perit
1683 3052 2003 3137 libertas,
2036 3052 2145 3121 ni·

224 3161 278 3233 si
300 3162 415 3233 illa
434 3162 1010 3247 contemnimuS,
1026 3185 1212 3252 quae
1240 3160 1450 3231 nobis
1476 3162 1727 3259 iugum
1753 3161 2140 3254 inponunt.

226 3270 395 3346 Non
442 3275 894 3358 dubitarent,
945 3272 1127 3365 quid
1162 3271 1583 3345 conveniret
1629 3270 1796 3341 forti
1839 3270 1992 3340 viro
2017 3320 2040 3356 ‚
2089 3269 2146 3341 si

221 3382 519 3471 scirent,
578 3381 759 3475 quid
806 3398 981 3453 esset
1024 3379 1381 3456 Fortitudo.
1451 3382 1630 3455 Non
1671 3396 1772 3453 est
1807 3379 2004 3451 enim
2031 3384 2147 3449 in-

226 3491 979 3579 consultatemeritas,
1028 3516 1163 3565 nec
1201 3494 1688 3587 periculorum
1719 3515 1958 3578 amor,
2009 3512 2143 3563 nec

226 3600 791 3681 formidabilium
808 3599 1197 3697 adpetiti03
1245 3603 1536 3675 scientia
1567 3623 1668 3673 est
1705 3602 2144 3699 distinguen-

228 3713 325 3782 di·
371 3714 555 3807 quid
578 3714 665 3785 sit
692 3715 959 3785 malum
978 3762 1001 3800 ,
1040 3728 1115 3783 et
1142 3712 1325 3803 quid
1348 3734 1502 3782 non
1527 3715 1632 3781 sit.
1680 3709 2145 3808 Diligentissi-

226 3760 343 3899 ηιξ
368 3826 447 3901 in
476 3825 703 3899 tutela
727 3822 835 3901 sui
855 3820 1214 3897 fortitudo
1234 3839 1375 3913 est,
1402 3838 1478 3895 et
1503 3820 1754 3895 eadem
1777 3820 2139 3917 patientis·
