2809 4850
499 385 660 458 ΕΡ
709 387 744 456 1
788 383 836 458 s
884 388 956 460 ‘r
1003 392 1078 462 0
1131 394 1191 464 L
1239 392 1304 468 A
1385 353 1795 474 vam.
1971 429 2103 482 ιιι

175 544 398 618 lenda
423 547 560 621 est!
599 543 906 640 Adspice
935 547 1034 620 M.
1057 548 1409 622 Catonem
1426 603 1451 640 ‚
1482 577 1673 626 sacro
1700 553 1803 625 illi
1832 560 2107 650 pectori

169 655 578 750 purissimas
608 680 872 730 ‚manus
909 659 1423 735 admoventem
1444 713 1472 752 ,
1516 680 1587 736 et
1627 665 1927 736 vulnera
1975 692 2106 762 pa-

169 788 346 835 rum
373 763 670 839 demissa
695 767 1092 842 laxantem!
1125 769 1382 844 Utrum
1412 771 1706 844 tandem
1732 773 1835 844 illi
1868 773 2107 850 dictu-

173 897 300 945 rus
329 898 433 946 es:
475 874 732 952 Vellem.
761 903 920 972 quae
939 877 1132 951 velles
1152 881 1181 947 ‚¹
1202 896 1314 968 et,
1331 881 1601 953 Moleste
1612 879 1769 978 fero
1792 885 1823 954 ‚³
1838 905 1957 954 an:
1990 883 2115 956 Fe-

174 988 418 1062 liciter.
447 987 614 1084 quod
649 991 792 1080 agis
819 990 846 1057 Ι
885 989 1250 1085 Hoqloco
1286 992 1467 1062 mihi
1506 991 1576 1064 D
1594 1011 1642 1062 Ε
1664 1012 1727 1064 Μ
1748 1012 1793 1064 E
1812 1013 1860 1065 ‘r
1877 1012 1931 1066 vR
1950 1013 2047 1066 111
2068 1011 2106 1065 s

153 1111 420 1180 ¹1102th⁸
448 1094 794 1184 occurrit,
841 1095 972 1190 qui
1021 1096 1246 1174 vitam
1287 1103 1607 1173 secutam
1634 1085 1730 1173 ‘et
1764 1100 1913 1172 sine
1947 1101 2111 1172 ullis

165 1199 508 1273 fortunae
555 1205 1082 1296 occursionibus
1122 1231 1303 1280 mare
1343 1225 1669 1280 mortuum
1703 1225 1931 1283 vocat.
1974 1209 2107 1278 Ni-

169 1310 280 1380 hil
324 1311 588 1382 habere
625 1311 722 1382 'ad
757 1313 962 1405 quod
993 1313 1350 1406 exciteris,
1390 1313 1482 1402 gd
1524 1313 1729 1408 quod
1761 1335 1836 1385 te
1860 1317 2105 1388 conci-

170 1433 278 1490 tes
306 1470 330 1508 ,
385 1419 586 1492 cuius
633 1419 1178 1494 denuntiatione
1225 1442 1300 1494 et
1354 1424 1645 1497 incursu
1692 1422 2106 1500 firmitatem.

165 1533 396 1604 animi
423 1532 532 1608 tui
569 1549 842 1622 tentes,
890 1534 1015 1605 sed
1059 1539 1136 1606 in
1168 1536 1320 1608 otio
1355 1537 1776 1610 inconcusso
1828 1537 2053 1616 iacere
2076 1589 2101 1628 ,

167 1667 328 1715 non
373 1660 479 1717 est
521 1643 1031 1743 tranquillitas;
1087 1646 1376 1718 malacia
1430 1665 1549 1719 est.
1622 1646 1755 1718 ΛΤ
1776 1667 1824 1719 ‘r
1846 1665 1899 1718 A
1922 1666 2045 1736 Lu
2066 1667 2101 1720 s

166 1751 454 1826 Stoicus
485 1753 722 1827 dicere
747 1755 1058 1827 solebat:
1100 1756 1282 1828 Malo
1317 1783 1417 1828 me
1425 1756 1715 1855 fortuna
1750 1761 1826 1829 in'
1862 1765 2101 1832 castris

169 1867 345 1942 suis.
376 1891 568 1964 quqm
591 1869 660 1937 in
693 1865 940 1938 deliciis
964 1867 1220 1938 habeat.
1265 1867 1629 1965 Torqueor:
1666 1867 2102 1968 sedfivrtitere

173 1977 327 2046 bene
353 1995 450 2047 est
467 1979 495 2045 Ι
523 1976 835 2051 occidor.-
867 1979 983 2049 sed
983 1977 1306 2076 fhrtitere
1329 1979 1479 2051 bene
1508 1998 1604 2051 est
1624 1983 1655 2049 !
1680 1979 1877 2050 Audi
1900 1979 2017 2052 ΕΡ
2040 2000 2103 2050 1-

167 2101 510 2155 cURUM
532 2135 555 2173 ,
611 2085 836 2157 dicet:
883 2086 973 2160 Et
1011 2087 1198 2160 dulce
1237 2105 1354 2158 est.
1399 2085 1555 2184 Ego
1586 2102 1737 2156 tam
1768 2086 2103 2158 honestae

163 2197 268 2266 rei
297 2219 382 2268 ac
407 2221 688 2268 severae
715 2218 1119 2290 numquam
1157 2197 1378 2268 molle
1414 2219 1703 2267 nomen*
1716 2195 2089 2290 inponam.

165 2305 383 2396 Uror,
398 2309 521 2378 sed
547 2308 873 2380 invictus.
901 2305 1184 2412 Quidni
1209 2305 1675 2402 optabilesit,
1704 2329 1852 2378 non
1880 2307 2085 2399 quod

165 2417 314 2488 urit
341 2442 460 2488 me
482 2417 662 2515 ignis
679 2446 715 2505 ‚·
730 2415 852 2492 sed
873 2415 1080 2511 quod
1109 2413 1257 2488 non
1281 2415 1551 2489 vincit?
1595 2413 1796 2487 Nihil
1821 2432 1924 2487 est
1940 2415 2103 2490 Vir-

163 2540 332 2597 tute
357 2520 851 2621 praestantius,
881 2527 1056 2597 nihil
1081 2526 1485 2623 pulchrius:
1531 2542 1607 2597 et
1632 2527 1919 2597 bonum
1950 2543 2097 2615 est,

166 2653 238 2705 et
283 2636 604 2729 optabile
620 2658 650 2724 ,·
677 2635 1047 2731 quidquid
1092 2659 1183 2707 ex
1221 2635 1442 2708 huius‘
1464 2634 1731 2735 genitur
1766 2634 2097 2731 imperio.

165 2743 369 2816 Vale.

527 2828 1224 2961 'EplsToLA
1301 2878 1717 2958 vam.

161 3036 348 3093 Suadet
364 3036 552 3101 otium,
569 3034 660 3089 sed
679 3050 793 3088 eum
813 3032 1136 3105 Philosophia
1153 3032 1402 3088 iunctum.
1428 3032 1488 3085 ld
1499 3032 1665 3103 ipsum
1687 3050 1793 3087 non
1808 3033 2097 3103 jactandum

295 3144 437 3183 esse·
467 3128 538 3195 Et
553 3126 608 3177 in
625 3144 690 3181 eo
709 3126 772 3179 de
787 3143 866 3188 se.
887 3126 1018 3195 apud
1038 3142 1118 3189 se,
1137 3114 1406 3197 agendum:
1428 3123 1481 3178 id
1498 3136 1599 3189 est,
1621 3137 1679 3177 ut
1699 3125 1753 3177 in
1773 3125 1902 3178 vitia
1921 3126 2095 3195 inqui-

296 3235 490 3283 ramus,
507 3214 850 3274 emendemus.
890 3218 1128 3287 Denique
1149 3217 1250 3272 hoc
1267 3217 1459 3285 otium,
1482 3233 1634 3288 supet
1659 3219 1871 3271 aliorum
1893 3218 2098 3292 negotia

293 3310 599 3381 esset'quod
616 3316 825 3382 magnae
839 3308 1167 3379 Reipublicae
1183 3310 1368 3365 servit.

489 3434 492 3443 Ι
555 3469 899 3544 SENECA
943 3470 1197 3575 Lucilio
1233 3495 1347 3547 suo
1384 3466 1737 3543 Salutem·
1788 3542 1792 3549 ,

169 3568 620 3707 CONSILIO
645 3648 778 3704 tuo
803 3632 1104 3719 acced03
1137 3633 1500 3706 absconde
1526 3648 1599 3702 te
1634 3632 1709 3701 in
1744 3631 2089 3706 otio'e'sed

168 3758 246 3813 et
263 3743 498 3836 ipsum
525 3743 760 3815 otium
783 3742 1162 3814 absconde.
1190 3742 1354 3814 Hoc
1374 3760 1447 3815 te
1474 3741 1873 3830 facturum,
1905 3739 2093 3816 Stoi·

164 3874 420 3928 corum
437 3896 465 3948 5
515 3850 789 3927 etiamsi
812 3859 963 3928 nen
989 3868 1372 3949 praecepto
1389 3898 1414 3940 ,
1457 3868 1535 3924 at
1558 3853 1897 3949 exemplo
1919 3850 2091 3925 licet
