2809 4850
628 407 767 516 156
1002 412 1090 486 L.
1136 405 1582 486 ΑΝ-ΝΑΕῙ
1629 393 2142 482 SENECAE

622 572 838 654 habes
859 575 1177 657 Aeniam.
1208 579 1422 650 illum
1463 575 1984 650 nobilissimum
2011 570 2282 644 Siciliae
2323 575 2556 680 mon·
2649 595 2660 602 ·

624 707 809 765 tem.
835 709 1055 786 quem
1082 697 1299 784 quare
1323 689 1587 761 dixerit
1621 689 1700 760 M
1718 707 1764 760 Ε
1782 705 1815 758 s
1835 705 1869 758 s
1893 705 1945 758 A
1963 703 2009 757 1.
2028 705 2081 756 A
2123 688 2423 762 unicum,
2451 689 2554 758 si-

624 824 715 873 ve
734 801 806 874 V
824 821 872 871 A
890 821 936 872 1.
954 821 1000 872 G
1018 821 1047 871 1
1066 819 1119 871 U
1138 819 1208 887 s,
1246 800 1482 894 (apud
1507 805 1907 889 utrumque
1931 797 2124 867 enim
2145 795 2356 892 legi,)
2385 819 2550 866 non

624 913 936 1006 reperio·
915 962 937 998 ‚
968 936 1199 1004 quum
1226 909 1534 1004 plurima
1557 897 1712 980 loca
1731 919 2069 978 evomant
2095 905 2362 1002 ignem,
2386 927 2551 975 non

624 1033 911 1092 tantum
950 1019 1179 1105 edita,
1228 1019 1478 1114 (quod
1513 1017 1824 1092 crebrius
1856 1015 2100 1088 evenit
2122 1065 2145 1102 ,
2199 1013 2549 1087 videlicet

627 1129 797 1221 quia
820 1129 997 1230 ignis
1024 1130 1096 1198 in
1122 1127 1531 1198 altissimum
1563 1123 1909 1220 effertur,)
1932 1123 2056 1196 sed
2081 1123 2294 1194 etiam
2315 1125 2552 1195 iacen-

624 1238 741 1307 tia.
782 1237 979 1325 Nos,
1039 1247 1442 1330 utcumque
1479 1257 1895 1330 possumus,
1929 1232 2256 1304 contenti
2293 1257 2549 1306 sumus

622 1345 833 1434 Baiis3
869 1372 1041 1442 quas
1063 1365 1349 1441 postero
1374 1347 1521 1435 die,
1543 1371 1766 1440 quam
1793 1344 2218 1444 adtigeram,
2242 1343 2546 1437 reliqui;
2651 1349 2663 1358 “

622 1457 871 1528 locum
906 1457 1004 1527 ob
1044 1459 1183 1528 hoc
1223 1455 1688 1528 devitandum
1711 1505 1734 1540 ,
1774 1479 2008 1548 quum
2046 1453 2302 1526 habeat
2331 1479 2548 1546 quas-

626 1561 793 1634 dam
816 1558 1165 1636 natur'ales
1186 1561 1422 1651 dotes,
1452 1563 1619 1656 quia
1641 1560 1774 1632 sibi
1797 1563 2002 1636 illum
2025 1561 2545 1644 celebrandum

622 1669 908 1741 luxhtia
932 1671 1291 1742 desumsit.
2214 1699 2222 1709 ·
2640 1760 2651 1766 δ

726 1781 933 1886 Quid
969 1785 1187 1880 ergo?
1237 1780 1363 1851 ulli
1388 1782 1552 1853 loco
1580 1779 2055 1875 indicendum
2082 1795 2185 1852 est
2221 1765 2544 1852 odium?
2666 1773 2676 1780 ’

626 1887 969 1961 Minime!
992 1892 1118 1962 sed
1141 1891 1764 1985 quemadmodum
1789 1891 2023 1984 aliqua
2046 1892 2250 1962 vestis
2266 1889 2548 1984 sapien·
2660 1907 2669 1914 “

623 1989 680 2069 ‘ti
704 2001 1036 2098 acb-probo
1058 2003 1210 2072 vito
1232 2001 1446 2098 magis
1468 2003 1804 2072 convenit
1824 2025 2045 2094 quam
2067 2001 2229 2086 alia3
2267 2025 2403 2073 nec
2429 2001 2544 2072 ul·

623 2103 783 2178 lum
806 2111 1122 2182 colorem
1157 2114 1280 2181 -ille
1306 2113 1504 2198 odit,
1551 2112 1676 2183 sed
1702 2114 2018 2205 aliquem
2045 2128 2256 2205 putat
2281 2137 2542 2207 pamm

626 2235 880 2309 aptum
918 2243 1063 2289 esse
1087 2221 1945 2320 frufflitatemprofesso:
1985 2223 2080 2293 sic
2112 2223 2305 2320 regio
2344 2233 2546 2316 quo-³

627 2349 775 2417 que
803 2345 945 2414 est,
976 2352 1193 2421 quam
1219 2329 1489 2422 sapiens
1511 2331 1804 2414 vir‚-aut
1825 2330 1915 2400 ad
1935 2331 2352 2424 sapientiam
2374 2349 2542 2403 ten·
2651 2347 2662 2354 ’

626 2430 829 2523 dens,
860 2432 1203 2526 declinet,
1237 2459 1604 2533 tamquam
1633 2442 1931 2511 alienam
1955 2440 2163 2512 bonis
2192 2442 2541 2513 moribus·

554 2580 575 2599 ι
624 2538 916 2637 Itaque,
947 2546 1037 2617 de
1058 2572 1323 2621 secessu
1346 2551 1693 2647 cogitans,
1724 2575 2124 2643 numquam
2151 2550 2543 2643 Canopum

630 2654 843 2750 eliget
860 2706 881 2739 ,
926 2658 1249 2747 quamvis
1276 2658 1644 2731 neminem
1676 2660 2014 2753 Canopus
2041 2684 2182 2731 esse
2207 2658 2392 2755 frugi
2419 2682 2542 2731 ve-

622 2762 773 2864 tet'3'
798 2791 890 2837 ne
915 2767 1107 2858 Baias,
1131 2770 1447 2862 quidem.
1477 2770 1964 2845 Diversorium
2006 2770 2346 2842 vitiorum
2392 2794 2538 2840 esse

626 2875 1060 2969 coeperunt:
1106 2880 1253 2951 illic
1295 2880 1427 2951 sibi
1472 2880 1871 2974 plurimum
1914 2882 2193 2953 luxuria
2234 2882 2536 2975 permit-

626 2984 759 3073 tit3
786 2987 930 3059 illic
951 2988 1365 3085 ,tamquam
1392 2992 1628 3085 aliqua
1654 2992 1930 3063 licentia
1964 2991 2314 3064 debeatur
2342 2988 2538 3079 loc0,

602 3098 847 3191 ·magis
886 3096 1204 3169 solvitur.
1246 3099 1414 3170 Non
1455 3116 1738 3170 tantum
1782 3100 2109 3193 corpori,
2153 3098 2276 3169 sed
2316 3098 2535 3170 etiam

624 3207 949 3278 moribus
967 3208 1323 3279 salubrem
1346 3211 1592 3282 locum
1607 3208 1860 3305 eligere
1878 3208 2247 3286 debemus.
2267 3193 2539 3313 Quern-

621 3296 1077 3387 admodum
1060 3335 1247 3388 mter
1290 3335 1592 3389 tortores
1631 3319 1940 3389 habitate
1985 3318 2212 3391 nolim
2231 3368 2254 3405 ,
2298 3320 2394 3389 sic
2439 3342 2537 3395 ne

626 3426 814 3498 inter
828 3425 1128 3521 popinas
1148 3425 1468 3519 quidem.
1495 3428 1756 3501 Videre
1773 3428 2004 3500 ebrios
2029 3454 2156 3521 per
2178 3414 2412 3499 littora
2432 3452 2539 3498 er-

626 3556 894 3624 rantes,
946 3553 1017 3607 et
1062 3539 1598 3637 comessationes
1653 3539 2139 3635 navigantium
2157 3589 2180 3627 ,
2235 3554 2306 3607 et
2339 3560 2541 3633 sym-

630 3636 1057 3747 phoniarum
1079 3646 1401 3718 cantibus
1425 3664 1810 3742 strepentes
1823 3652 2038 3735 lacuS,
2057 3662 2130 3717 et
2145 3647 2301 3733 alia,
2321 3668 2535 3738 quae,

629 3756 830 3823 velut
858 3758 1089 3827 soluta
1114 3759 1424 3853 legibus»,
1461 3761 1740 3830 luxuria
1760 3783 1908 3831 non
1933 3776 2214 3831 tantum
2239 3766 2538 3853 peccat,

622 3860 753 3939 sed
777 3868 1127 3959 publicat,
1156 3868 1336 3964 quid
1352 3894 1632 3945 necesse
1651 3872 1800 3945 est?
1819 3870 1904 3943 Id
1925 3896 2131 3973 agere
2159 3864 2540 3957 debemus,
