2809 4850
546 357 1366 440 ems-romi
1442 345 1799 436 xxm.
2038 383 2130 464 ‘73

193 551 374 602 vero
395 527 675 624 ailquid
695 578 720 618 ‚
751 527 968 622 quod
997 543 1072 600 et
1101 524 1278 602 mihi
1319 540 1395 596 et
1436 524 1573 596 tibi
1598 524 1931 620 prodesse
1962 543 2134 619 pos-
2244 557 2261 574 ·
2364 474 2371 484 ἱ

197 641 312 726 sit,
351 639 684 710 scribam.
721 639 928 745 Quid
949 655 1194 711 autem
1215 637 1293 710 id
1313 637 1452 708 etit·
1467 688 1489 725 ,
1512 637 1644 708 nisi
1666 655 1751 709 ut
1776 652 1851 708 te
1871 637 2135 734 exhor·

191 764 296 818 ter
343 749 444 820 ad
499 750 774 822 bonam
829 765 1152 822 mentem
1185 749 1220 819 Ρ
1275 749 1513 819 Huius
1563 747 2129 820 fundamentum

187 860 404 954 quod
425 861 547 948 sit,
577 861 900 954 quaeris?
931 859 1048 934 Ne
1074 858 1376 960 gaudeas
1403 859 1631 930 vanis!
1679 858 2134 930 Fundamen-

191 983 352 1042 tum
377 973 524 1044 hoc
551 993 696 1044 esse
723 969 914 1042 dixi:
947 973 1238 1044 culmen
1265 985 1388 1042 est.
1434 969 1548 1041 Ad
1574 989 1943 1044 summum
1968 991 2135 1064 pet·-

109 1161 124 1178 ,
191 1079 422 1167 venit,
453 1081 588 1173 'qui
617 1081 746 1152 scit
771 1103 928 1172 quo
951 1079 1254 1177 gandeat
1272 1101 1302 1166 ,·
1333 1079 1463 1171 qui
1494 1075 1901 1152 felicitatem
1926 1098 2130 1150 suam

190 1188 269 1259 in
299 1187 532 1260 aliena
563 1204 914 1284 potestate
947 1213 1096 1260 non
1117 1189 1388 1281 posuit.-
1414 1187 1773 1259 Sollicitus
1794 1204 1897 1258 est
1916 1201 1991 1256 et
2016 1184 2135 1256 in·

190 1317 422 1370 certus
437 1300 548 1370 sui
567 1351 592 1387 ,
612 1289 837 1394 ¹quem
859 1319 1016 1393 spes
1035 1299 1280 1390 aliqua
1301 1300 1597 1392 proritat
1620 1345 1641 1386 ,
1670 1299 1849 1370 licet·
1860 1296 1954 1368 ad
1978 1317 2134 1368 ma-

188 1431 367 1482 num
391 1413 482 1482 sit
505 1463 528 1499 ‚
567 1413 736 1484 licet
765 1433 919 1484 non
941 1429 1031 1484 ex
1063 1410 1330 1484 difficili
1361 1427 1649 1506 petatur
1669 1463 1691 1500 ,
1726 1412 1898 1484 licet
1918 1431 2135 1484 num·

189 1545 416 1615 quam
459 1523 670 1594 illum
709 1537 978 1616 sperata
1009 1519 1440 1616 deceperint.
1491 1524 1652 1594 Hoc
1678 1537 1843 1595 ante
1884 1523 2131 1594 omnia

187 1629 294 1701 fac
317 1683 340 1716 ‚
373 1629 482 1702 mi
504 1630 764 1703 Lucili:
797 1631 985 1704 disce
1013 1653 1145 1729 gau
1155 1632 1354 1703 dere!
1399 1631 1765 1703 Existimas
1788 1649 1989 1703 nunc
2008 1649 2133 1702 me

187 1739 561 1812 detrahere
577 1741 721 1811 tibi
747 1743 1006 1812 multas
1030 1743 1464 1834 voluptates,
1492 1742 1625 1834 qui
1650 1739 1945 1812 fortuita
1966 1740 2134 1810 sub·

188 1869 503 1921 moveo·
481 1901 503 1937 ,
546 1852 679 1974 (1υοί
715 1875 906 1942 spes,
943 1849 1354 1926 dulcissima
1385 1850 1963 1935 obiectamenta,
1994 1847 2129 1918 de·-

186 1957 508 2029 vitandas
547 1959 886 2031 existimo
907 1959 944 2031 Ρ
984 1961 1244 2030 Immo
1256 1957 1541 2030 contra!
1583 1959 1763 2028 noio
1790 1955 1925 2026 tibi
1963 1977 2133 2024 um·

189 2091 407 2162 quam
439 2069 684 2142 deesse
721 2071 1080 2142 laetitiam.
1126 2071 1326 2144 Volo
1369 2072 1562 2141 illam
1598 2069 1739 2141 tibi
1764 2069 1965 2140 domi
2002 2091 2129 2137 na·-
2256 2111 2265 2122 ·

185 2180 318 2266 sci3
351 2182 700 2269 nascitur,
727 2180 782 2252 si
821 2181 1048 2252 modo
1081 2181 1266 2253 intra
1301 2199 1374 2252 te
1401 2182 1641 2275 ipsum
1668 2180 1777 2251 sit.
1830 2179 2127 2252 Ceterae

183 2286 570 2364 hilaritates
611 2309 766 2360 non
811 2287 1122 2382 implent
1157 2305 1452 2384 pectus3
1510 2287 1821 2361 frontem
1862 2289 2131 2360 remit-

183 2411 393 2487 tunt,
443 2397 636 2471 leves
671 2414 878 2472 sunt.
921 2398 1058 2471 nisi
1103 2399 1290 2471 forte
1325 2415 1411 2471 tu
1446 2401 1712 2471 iudicas
1752 2414 1921 2472 e‘um
1953 2419 2125 2497 gau·

183 2505 406 2594 dere,
445 2506 577 2600 ‘qui
613 2492 821 2581 ridet
856 2508 1161 2581 Animus
1201 2510 1431 2583 debet
1480 2536 1623 2585 esse
1660 2510 1888 2583 alacer
1920 2528 1993 2581 et
2038 2510 2123 2581 fi-

181 2612 399 2702 dens,
427 2626 506 2686 et
524 2633 740 2709 super
771 2618 1017 2689 omnia
1043 2634 1334 2691 erectus.
1380 2609 1563 2691 Mihi
1602 2618 1855 2709 crede,
1876 2638 1985 2689 res
2010 2638 2127 2691 se·

180 2740 342 2791 vera
373 2736 486 2791 est
511 2736 763 2795 verum
793 2726 1182 2823 gaudium!
1222 2728 1340 2801 An
1367 2742 1449 2800 tu
1484 2728 1837 2799 existimas
1864 2748 2121 2819 quem-

185 2852 406 2924 quam
429 2836 670 2905 soluto
695 2838 944 2926 vultu,
972 2854 1085 2928 et,
1117 2856 1202 2911 ut
1228 2839 1340 2913 isti
1364 2840 1650 2911 delicati
1678 2842 2110 2931 loquuntur,

183 2938 386 3011 hilari
411 2944 632 3013 oculo
665 2963 977 3015 mortem
1004 2947 1525 3017 contemnere?
1560 2945 1959 3039 paupertati
1982 2944 2119 3013 do-

183 3074 390 3125 mum
417 3054 738 3146 aperire?
776 3059 1181 3151 voluptates
1219 3074 1461 3129 tenere
1492 3056 1628 3137 sub
1666 3054 1923 3127 freno?
1964 3076 2118 3123 me·

185 3158 390 3231 ditari
409 3160 752 3234 dolorum
782 3165 1250 3257 patientiam?
1279 3166 1475 3236 Haec
1496 3166 1625 3259 qui
1644 3163 1844 3261 apud
1866 3188 1938 3234 se
1957 3184 2119 3233 ver·

184 3286 320 3359 sat,
349 3270 432 3343 in
453 3292 720 3371 magno
746 3276 1012 3373 gaudio
1039 3292 1192 3365 est,
1231 3274 1357 3348 sed
1394 3297 1650 3371 parum
1681 3272 2116 3349 bland0.1n
2154 3312 2161 3323 ·

187 3379 400 3452 huius
440 3381 682 3481 gaudii
709 3388 1141 3484 possessione
1179 3408 1322 3459 esse
1347 3403 1424 3458 te
1445 3388 1663 3485 volox
1706 3407 2115 3483 numquam

185 3488 508 3581 deficiet,
549 3514 790 3588 quum
833 3499 1095 3586 semel,
1134 3498 1336 3571 unde
1371 3514 1693 3593 petatur,
1742 3496 2113 3570 inveneris.

183 3598 488 3675 Levium
543 3604 1004 3679 metallorum
1046 3606 1318 3679 fructus
1357 3608 1435 3678 in·
1469 3626 1757 3680 summo
1798 3624 1937 3677 est:
1990 3606 2108 3677 ilia

185 3714 719 3804 opulentissima
755 3733 961 3803 sunt,
1011 3736 1327 3810 quorum
1371 3719 1449 3788 in
1485 3720 1632 3789 alto
1666 3718 1841 3808 {atet
1882 3738 2063 3790 vena
2084 3709 2131 3804 ‚'

186 3818 478 3895 adsidue
517 3823 800 3920 plenius
831 3840 1249 3922 responsura
1279 3820 1611 3908 fodienti..
1661 3825 1900 3914 Haec,
1944 3827 2109 3921 qui·
