2809 4850
325 355 370 370 “
449 372 710 491 ΕΡ
760 374 796 445 1
841 371 890 443 S
939 373 1009 446 ‘r
1061 376 1136 444 o
1187 375 1246 448 L
1291 375 1391 446 A·
1450 379 1762 457 Lxlv.
1992 399 2139 492 195-

195 531 520 604 stituunt
535 582 560 619 ‚
595 531 961 625 disputant
981 582 1003 619 ,
1031 532 1482 605 cavillantur:
1514 559 1665 608 non
1686 539 1961 617 faciunt
1978 529 2149 620 ani-'

197 665 416 718 mum
439 667 459 724 3
501 641 672 742 quia
698 664 850 715 non
881 642 1168 713 habent.
1201 644 1461 748 Quum
1486 641 1728 744 legeris
1752 649 2079 729 Sextium
2097 709 2125 746 ,

199 751 432 822 dices:
468 751 668 824 Vivit
684 803 708 840 ‚
743 753 930 850 viget
951 802 973 839 ,
995 753 1180 824 liber
1199 771 1300 824 est
1319 805 1342 840 ‚
1367 779 1577 849 supra
1596 759 1968 836 hominem
1993 782 2125 856 est,

199 859 518 933 dimittit
533 887 664 932 me
675 865 1016 956 plenum
1000 864 1304 986 mOgeutis
1317 863 1636 938 fiduciae.
1673 867 1759 941 In
1788 893 2135 962 quacum-

199 994 358 1062 que
375 971 733 1064 positione
759 971 1014 1042 mentis
1036 972 1202 1058 sim,
1241 983 1475 1066 quum
1502 975 1697 1047 hunc
1722 978 1921 1075 leg03
1950 981 2131 1054 fate·-

199 1080 348 1152 bo'r
366 1081 533 1169 tibi,
559 1081 740 1154 libet
761 1105 1010 1153 omnes
1037 1093 1230 1154 casus
1253 1105 1671 1176 provocare,
1692 1087 1873 1159 lib'et
1896 1094 2133 1164 excla-

202 1197 443 1262 mare.
492 1191 699 1295 Quid
721 1216 931 1264 cessas
949 1244 974 1315 ².
1021 1192 1381 1266 Fortuna?
1422 1193 1895 1291 congredere!
1932 1222 2139 1290 para..

201 1315 374 1370 tum
395 1300 616 1370 vides.
647 1300 842 1372 Illius
865 1301 1187 1396 animum
1229 1300 1461 1372 induo
1476 1351 1500 1388 ,
1528 1301 1673 1393 ·qui
1694 1307 1975 1394 quaerit
1997 1307 2141 1380 ubi.

203 1433 282 1480 se
307 1410 716 1502 experiatur
732 1459 754 1496 ,
786 1389 918 1480 ubi
943 1413 1279 1480 virtutem
1312 1407 1513 1480 stiam
1542 1411 1873 1483 ostendat
1893 1463 1921 1500 ,

301 1538 823 1617 spumantemque
851 1519 999 1588 dari
1012 1541 1246 1614 pecora
1270 1520 1446 1586 inter
1473 1521 1713 1590 inertia
1740 1523 1953 1592 votis·

301 1644 491 1726 optat
519 1651 780 1728 aprum.
813 1644 930 1698 aut
937 1625 1210 1724 fulvum
1236 1626 1605 1698 descendere
1631 1647 1839 1703 monte
1864 1632 2129 1710 leonem.

206 1736 430 1808 Libet
451 1735 730 1830 aliquid
745 1736 1012 1808 habere
1038 1734 1248 1828 quod
1272 1735 1555 1806 vincam
1572 1785 1599 1823 ,
1630 1738 1831 1808 cuius
1854 1743 2141 1833 patiena
2238 1759 2243 1763 ·

204 1848 302 1918 tia
333 1869 681 1920 exercear.
722 1847 909 1920 Nam
939 1847 1076 1916 hoc
1107 1861 1409 1938 quoque
1445 1846 1809 1944 egregium
1842 1849 2139 1942 Sextius

203 1959 426 2030 habet
443 2009 468 2047 ,
513 1944 722 2050 quo'd
747 1973 823 2028 et
847 1955 1176 2029 ostendet
1197 1956 1330 2028 tibi
1355 1951 1603 2028 beatae
1629 1959 1815 2030 vitae
1848 1963 2137 2062 magni-

205 2069 594 2155 tudinem,
629 2081 704 2138 et
729 2064 1292 2177 desperationem
1329 2067 1479 2139 eius
1498 2091 1649 2139 non
1670 2067 1899 2142 faciet.
1943 2071 2139 2147 Scies

147 2188 158 2202 “
204 2203 352 2251 esse
397 2180 594 2250 illam
635 2179 712 2248 in
753 2180 1074 2266 excelse,
1117 2178 1242 2250 sed
1279 2178 1571 2254 volenti
1582 2169 2125 2270 penetrabilem.

203 2288 375 2358 Hoc
401 2287 598 2361 idem
617 2285 856 2357 Virtus
882 2287 1059 2358 tibi
1041 2309 1187 2379 ipsa
1187 2265 1595 2379 praestabit
1616 2335 1637 2371 ‚
1670 2304 1755 2356 ut
1764 2290 1969 2368 illam
2000 2289 2151 2374 ask,

203 2394 533 2487 mireris,
559 2414 632 2467 et
645 2411 900 2469 tamen
926 2419 1174 2489 speres.
1217 2395 1400 2467 Mihi
1424 2411 1620 2477 certe
1649 2397 1981 2471 multum
2005 2421 2143 2472 au·-

205 2508 392 2579 ferre
420 2507 762 2601 temporis
779 2508 962 2577 solet
984 2507 1549 2600 contemplatio
1532 2524 1679 2599 ipsa
1698 2505 2147 2599 Sapientiae}

204 2640 362 2689 non
426 2617 626 2687 aliter
683 2618 877 2693 illam
931 2614 1222 2685 intueor
1271 2615 1805 2709 obstupefactus
1824 2664 1849 2702 ,
1911 2638 2143 2707 quam

206 2728 448 2819 ipsum
493 2726 782 2798 interim
822 2725 1227 2810 mundum,
1271 2743 1497 2815 quem
1530 2745 1733 2816 saepe
1762 2737 2147 2815 tamquam

207 2852 564 2931 spectator
588 2850 822 2907 novu's
857 2833 1649 2903 video..
1805 2875 1812 2884 -
2080 2854 2139 2923 ι,

306 2947 668 3022 Veneror
656 2945 926 3037 itaque
976 2945 1270 3015 inventa
1313 2894 1712 3035 Sapientiae
1732 2994 1755 3027 ‚
1815 2943 2149 3018 invento-

207 3080 506 3150 resque.
531 3049 760 3141 adite,
795 3069 1166 3161 tamquam
1192 3058 1599 3151 multorum
1626 3055 2141 3128 hereditatem
2116 3106 2145 3143 ,

208 3168 432 3239 iuvat.
483 3165 710 3238 Mihi
693 3183 820 3238 ista
835 3164 1226 3257 adquisita,
1256 3165 1479 3237 mihi
1460 3184 1587 3237 ista
1610 3166 1924 3239 laborata
1950 3182 2149 3247 sunt«

210 3275 358 3348 Sed
385 3298 584 3373 agam
593 3300 685 3347 us
694 3276 984 3347 bonum
994 3274 1621 3377 patremfamilias,
1632 3274 1971 3351 faciamus
1990 3301 2147 3351 am·-

207 3386 445 3480 pliora
471 3408 658 3483 quae
685 3385 1122 3477 accepimus.
1145 3385 1413 3458 maior
1405 3385 1547 3457 ista
1574 3385 1922 3489 het-editas
1950 3408 1993 3453 a
1998 3408 2152 3481 me

209 3488 303 3567 ad
330 3510 648 3591 posteros
677 3510 996 3565 transeat.
1036 3493 1356 3564 Multum
1381 3493 1615 3563 adhuc
1640 3506 1851 3562 restat
1887 3491 2148 3586 operis,

211 3605 686 3693 multumque
708 3598 1028 3685 restabit,
1073 3620 1207 3671 nec
1237 3601 1365 3669 nui
1394 3610 1565 3669 nato
1597 3590 1762 3692 p³ost
1804 3599 2005 3669 mille
2034 3622 2147 3670 se·-

213 3715 376 3786 cula
401 3708 902 3807 praecludetur
928 3712 1198 3784 occasio
1229 3708 1519 3803 aliquid
1532 3711 1771 3783 adhuc
1802 3702 2194 3784 αόῖίοὶετὶυ
2234 3796 2245 3809 ,

212 3823 310 3895 di.
353 3820 542 3917 Sed,
577 3821 846 3895 etiamsi
877 3820 1120 3895 omnia
1147 3844 1184 3893 a
1207 3810 1567 3915 veteribus
1612 3822 1905 3911 inventa
1921 3837 2092 3931 sunt
2117 3872 2149 3916 ,
