2809 4850
1689 43 1704 86 l

682 369 868 484 ’με
1038 331 1045 344 ⁴
1084 375 1170 454 1.
1215 368 1678 452 ΑΝΝΑΕῙ
1723 345 2304 496 SENECAE

716 541 1081 637 sequitur,
1110 531 1377 612 falsum'
1388 553 1496 610 est
1514 585 1538 626 ,
1577 537 1693 627 ei,
1737 533 1871 630 qui
1905 535 2126 608 soleat
2161 531 2414 604 ebrius
2456 529 2668 620 flexi,
2770 541 2771 600 ἒ

720 669 874 722 non
910 645 1267 720 committi
1288 667 1696 716 sermonem
1722 658 2094 714 secretum.
2127 641 2388 738 Cogita
2411 639 2668 729 enim,
2770 713 2771 728 χ

720 775 943 852 quam
982 755 1227 830 multis
1265 753 1656 844 militibus,
1704 775 1860 828 non
1902 775 2210 848 sempor·
2227 751 2498 826 sobriis
2517 801 2544 840 ,
2598 767 2672 822 et
2770 749 2771 838 s

718 868 1107 961 imperator
1130 910 1155 952 ,
1210 881 1287 938 et
1331 861 1666 936 tribuum
1688 912 1714 949 ,
1775 878 1852 934 et
1899 861 2228 934 centurio
2253 913 2277 951 ,
2345 859 2664 935 tacenda
2770 865 2771 874 ’

716 975 1188 1046 mandaverit.
1231 973 1355 1046 De
1396 973 1518 1044 illa
1543 971 1626 1044 C.
1657 971 1960 1046 Caesaris
1995 972 2218 1044 caede
2261 970 2521 1067 (illius
2559 969 2665 1040 di·
2770 1013 2771 1054 1

720 1112 811 1158 co
830 1137 857 1178 ‚
900 1088 1033 1180 qui
1058 1101 1391 1182 superato
1421 1084 1776 1178 Pompeio
1803 1083 2332 1180 rempublicam
2361 1075 2662 1178 tenuit)
2770 1077 2771 1148 1

722 1209 873 1268 tam
917 1196 1271 1270 creditum
1316 1211 1422 1268 est
1457 1194 1680 1266 Tillio
1719 1191 2018 1266 Cimbro
2037 1243 2062 1280 ,
2098 1213 2321 1286 quam
2367 1191 2459 1261 C.
2499 1189 2668 1260 Cas·-
2769 1243 2771 1310 1

720 1307 861 1378 sio:
901 1306 1171 1379 Cassius
1212 1323 1363 1378 tota
1394 1307 1545 1378 vita
1583 1329 1844 1398 aquam
1889 1303 2116 1390 bibit3
2157 1303 2434 1390 Tillius
2465 1301 2662 1372 Cim·-
2770 1311 2771 1368 ἓ

720 1421 851 1490 ber
888 1436 963 1491 et
990 1403 1253 1490 nimina
1283 1433 1430 1488 erat
1471 1418 1548 1487 in
1575 1416 1784 1503 vine,
1837 1432 1912 1486 et
1941 1413 2314 1487 scordalus.
2350 1414 2446 1484 In
2477 1414 2658 1482 hanc

722 1553 876 1600 rem
919 1530 1191 1602 iocatus
1216 1545 1319 1601 est
1358 1527 1539 1621 ipse:
1591 1525 1774 1620 Ego„
1819 1524 2097 1618 inquit,
2139 1543 2532 1621 quemquam
2551 1521 2661 1618 fe-
2770 1533 2771 1556 *

720 1664 911 1715 ram.
958 1642 1069 1738 qui
1102 1643 1341 1712 ‘vinum
1367 1639 1558 1736 serre
1609 1662 1731 1708 non
1773 1661 2030 1734 possum
2056 1641 2102 1705 ἓ-
2141 1631 2298 1706 Sibi
2342 1633 2660 1727 quisque

608 1790 615 1794 ·
722 1773 925 1824 nunc
964 1751 1297 1824 nominet
1338 1775 1504 1834 eos,
1552 1746 1820 1840 quibus
1861 1747 1992 1816 scit
2043 1759 2116 1838 et
2163 1745 2432 1818 vinum
2477 1743 2656 1814 male
2770 1735 2771 1758 ff

724 1861 963 1951 credi,
1004 1879 1079 1934 et
1116 1880 1520 1936 sermonem
1559 1859 1790 1944 bene3
1837 1879 2072 1929 unum
2120 1873 2374 1928 tamen
2417 1878 2658 1928 exem-

722 1975 969 2066 plum,
1000 1971 1209 2065 quod
1241 1972 1547 2043 occurrit
1590 1967 1810 2054 mihi,
1851 1965 2147 2038 referam
2176 2013 2200 2054 ,
2241 1987 2338 2036 ne
2367 1962 2656 2050 interci‘

600 2073 607 2080 ⁹
726 2082 887 2152 dat:
916 2079 1331 2152 instruenda
1348 2099 1450 2152 eet
1477 2082 1670 2152 enim
1691 2077 1833 2149 vita
1855 2075 2204 2170 exemplis
2223 2075 2658 2174 illustribus3

724 2209 881 2258 non
914 2212 1194 2283 semper
1230 2186 1724 2286 confugiamus
1747 2184 1840 2258 ad
1865 2202 2126 2284 vetera.
2173 2187 2253 2262 L.
2290 2183 2501 2272 Piso,
2536 2183 2654 2254 Ur-

725 2301 835 2370 bis
860 2313 1134 2388 custoS,
1170 2300 1442 2386 ebrius,
1477 2323 1568 2370 ex
1591 2323 1741 2392 quo
1766 2300 1984 2370 semel
2017 2297 2243 2371 factus
2273 2315 2428 2386 est,
2471 2296 2648 2368 fuit‘:

724 2412 1069 2481 maiorem
1094 2407 1371 2505 partem
1393 2409 1618 2481 noctis
1653 2408 1730 2481 in
1755 2408 2091 2481 convivio
2121 2408 2500 2507 exigebam
2539 2432 2650 2479 us-
2766 2441 2772 2520 j

727 2542 875 2609 que
920 2520 993 2587 in
1041 2518 1289 2589 horam
1331 2534 1603 2589 sextam
1643 2517 1789 2591 fere
1831 2516 2259 2590 dormiebat:
2307 2519 2464 2591 hoc
2505 2520 2650 2591 eius

724 2642 869 2701 erat
892 2629 1365 2709 matutinum.
1397 2628 1744 2703 Officium
1771 2646 2015 2702 tamen
2050 2655 2302 2719 suum,
2341 2652 2510 2725 quo
2542 2650 2651 2704 tu-

720 2736 863 2809 tela
906 2736 1105 2809 urbis
1146 2738 1694 2829 continebatur,
1753 2738 2282 2837 diligentissime
2330 2740 2649 2815 admini-

722 2846 981 2918 stravit.
1008 2846 1198 2921 Huic
1218 2865 1291 2919 et
1314 2848 1520 2922 divus
1544 2849 1904 2947 Augustus
1923 2850 2128 2921 dedit
2146 2866 2416 2923 secreta
2443 2875 2647 2923 man·

724 2954 885 3025 data
908 3008 929 3042 ‚
968 2980 1203 3049 quum
1230 2958 1440 3029 illum
1473 2968 1946 3054 praeponeret
1990 2960 2371 3049 Thraciae,
2423 2986 2650 3057 quam

722 3064 1171 3156 perdomuit;
1213 3081 1288 3137 et
1324 3064 1654 3138 Tiberius
1674 3119 1699 3154 ,
1737 3068 2198 3162 proficiscens
2223 3070 2302 3141 in
2331 3068 2651 3166 Campa-

723 3174 917 3243 niam
935 3224 957 3259 ,
982 3194 1217 3265 quum
1246 3176 1475 3248 multa
1505 3176 1582 3247 in
1611 3174 1800 3248 Urbe
1823 3194 1905 3249 et
1935 3194 2250 3273 suspecta
2274 3180 2650 3275 relinque·-

722 3300 832 3355 ret
861 3298 935 3353 et
960 3282 1197 3355 invisa.
1256 3282 1450 3355 Puto
1477 3335 1501 3373 ,
1537 3284 1708 3379 quia
1733 3288 1836 3359 illi
1859 3288 2047 3361 bene
2071 3308 2363 3364 cesserat
2381 3287 2658 3366 Pisonis

724 3390 1021 3462 ebrietas
1036 3439 1060 3478 ,
1104 3408 1346 3486 postea
1376 3394 1679 3469 Cossum
1723 3398 1897 3473 fecit
1920 3398 2122 3495 Urbis
2147 3400 2597 3497 praefectum
2621 3452 2649 3493 ,

722 3500 957 3571 virum
982 3516 1263 3596 gravem
1282 3554 1304 3591 ,
1332 3502 1788 3578 moderatum
1813 3558 1836 3595 ,
1868 3507 1992 3577 sed
2018 3530 2335 3585 mersum
2361 3511 2547 3585 vino
2573 3527 2652 3583 et
2770 3508 2771 3571 ἕ

726 3608 1186 3696 madentem3
1242 3610 1468 3702 adeo,
1516 3628 1601 3687 ut
1642 3638 1734 3687 ex
1783 3632 2032 3717 senatu
2083 3612 2525 3713 aliquando,
2569 3622 2651 3693 in
2770 3620 2771 3697 ξ

726 3717 949 3805 quern
980 3742 1019 3789 e
1051 3722 1385 3795 convivio
1418 3742 1745 3815 venerat,
1784 3746 2159 3822 oppressus
2201 3731 2649 3803 inexcitabili
2770 3722 2771 3731 '

724 3844 1028 3916 somno,
1082 3829 1473 3903 tolleretur.
1517 3828 1712 3906 Huic
1755 3850 1998 3940 tamen
2039 3836 2369 3913 Tiberius
2413 3844 2648 3915 multa
