2809 4850
571 367 1387 450 EPt-SToLA
1468 375 1741 450 x111.
2026 401 2127 480 39

187 553 302 602 res
323 528 624 604 habebis
649 527 1028 606 sententias
1051 549 1312 624 metus,
1340 534 1807 610 nihilominus
1834 534 1909 608 in
1931 535 2119 610 hanc

189 657 473 734 partem
515 644 764 736 potius
804 645 1104 732 inclina,
1155 661 1228 716 et
1275 645 1689 739 perturbare
1726 661 1801 719 te
1838 643 2115 728 desine.

187 747 294 820 Ac
317 749 638 825 subinde
663 752 906 824 hocin
933 753 1182 826 animo
1203 755 1441 840 volve,
1469 755 1809 827 maiorem
1835 771 2115 848 partem

187 859 640 948 mortalium,
673 885 908 955 quum
930 859 1034 932 illi
1055 885 1190 934 nec
1213 862 1301 934 sit
1329 861 1735 956 quidquam
1758 861 1956 952 mali,
1979 885 2117 934 nec
2172 911 2177 916 -

189 993 322 1062 pro
349 985 554 1041 certo
578 969 910 1042 futurum
936 971 1026 1042 sit*
1038 995 1066 1059 ,·
1081 988 1398 1043 aestuare
1422 995 1501 1042 ac
1528 971 1929 1044 discurrere.
1970 971 2122 1044 Ne-

189 1102 316 1149 mo
341 1079 544 1150 enim
577 1079 827 1150 resistit
849 1079 1027 1168 sibi,
1067 1101 1302 1173 quum
1344 1081 1589 1174 coepit
1626 1080 1939 1177 impelli3
1976 1105 2116 1156 nee

191 1186 534 1258 timorem
558 1212 768 1258 suum
796 1187 1052 1286 redigit
1077 1188 1173 1259 ad
1195 1211 1473 1260 verum.
1500 1188 1739 1262 Nemo
1766 1189 1970 1264 dicit:
1998 1216 2123 1266 va·

187 1315 320 1364 nus
343 1313 605 1368 auctor
627 1317 731 1368 est
753 1347 777 1386 ,
818 1289 1042 1370 vanus
1077 1311 1218 1382 est;
1263 1311 1390 1368 aut
1417 1295 1669 1386 finxit,
1718 1314 1849 1370 aut
1884 1298 2118 1371 credi-

193 1404 340 1476 dit!
389 1405 662 1478 Damus
687 1431 822 1478 nos
857 1407 1328 1486 referentibus
1346 1434 1370 1494 ;
1416 1410 1945 1502 expavescimus
1976 1409 2117 1482 du-

187 1515 300 1585 bia
322 1540 468 1610 pro
492 1518 738 1605 certis3
781 1541 933 1600 non
962 1531 1318 1590 servamus
1342 1519 1653 1592 modum
1680 1543 1915 1592 rerum
1930 1547 1955 1609 3
1979 1537 2115 1592 sta-

188 1624 320 1698 tim
343 1626 425 1696 in
453 1626 794 1702 timorem
823 1631 1020 1700 venit
1047 1631 1445 1724 scrupulus.

277 1733 522 1806 Pudet
557 1761 710 1824 me,
743 1737 846 1808 ibi
873 1738 967 1809 sic
986 1753 1228 1810 tecum
1264 1738 1516 1832 loqui,
1554 1753 1628 1810 et
1656 1740 2111 1813 tamvlevibus

191 1863 260 1916 te
277 1849 620 1918 remediis
649 1848 976 1922 focillate.
1005 1850 1206 1934 Alius
1237 1850 1463 1920 dicat:
1494 1849 1777 1942 fortasse
1808 1875 1961 1922 uon
1982 1877 2109 1924 ve·

188 1955 372 2028 niet!
419 1975 506 2028 tu
535 1958 694 2030 dic:
733 1960 914 2054 quid
950 1983 1210 2053 porro,
1260 1960 1316 2030 si
1351 1953 1647 2029 veniet?
1695 1960 2109 2044 videbimus

190 2085 342 2139 uter
369 2067 646 2148 vincat:
695 2069 978 2142 fortasse
1019 2096 1152 2164 pro
1187 2095 1306 2142 me
1333 2071 1604 2156 veniet,
1646 2083 1721 2140 et
1761 2095 1949 2142 mors
1981 2071 2109 2144 ista

191 2179 406 2250 vitam
433 2182 860 2253 honestabit.
893 2181 1142 2252 Cicuta
1171 2203 1513 2277 magnum
1538 2174 1903 2250 Socratem
1926 2203 2109 2252 con-

189 2287 386 2358 fecitz
431 2287 694 2361 Catoni
745 2291 1062 2389 gladium
1103 2288 1542 2360 adsertorem
1586 2287 1931 2360 libertatis
1979 2315 2109 2362 ex·

186 2414 487 2492 torque,
541 2421 871 2498 magnam
927 2413 1200 2492 partem
1253 2395 1639 2467 detraxeris
1691 2396 1971 2495 gloriae.
2021 2438 2093 2454 -

185 2506 520 2579 Nimium
551 2506 682 2579 diu
725 2524 802 2578 te
825 2508 1196 2599 cohortor,
1234 2512 1479 2601 quum'
1506 2506 1643 2577 tibi
1669 2507 2107 2579 admonitio-

187 2638 274 2687 ne
295 2619 551 2715 magis,
581 2640 804 2709 quam
829 2615 1321 2687 exhortatione
1345 2636 1528 2709 opus
1550 2614 1655 2685 sit.
1695 2615 1867 2685 Non
1892 2616 1969 2687 in
1996 2615 2107 2687 di-

188 2750 466 2799 versum
493 2743 568 2797 te
599 2750 642 2799 a
675 2740 923 2800 natura
955 2742 1076 2803 tua
1101 2724 1471 2795 ducimusz
1519 2739 1724 2795 natus
1750 2748 1819 2797 es
1861 2725 1951 2796 ad
1976 2727 2105 2799 ista
2203 2776 2211 2783 -

193 2860 370 2929 quae
405 2836 731 2907 dicimus.
777 2837 886 2907 Eo
931 2836 1148 2933 magis
1191 2834 1475 2905 bonum
1503 2850 1717 2905 tuum
1758 2858 1978 2930 auge,
2028 2854 2103 2907 et

190 2970 469 3019 exorna.
493 2944 641 3017 Sed
670 2946 809 3017 iam
843 2946 1066 3023 finem,
1093 2944 1435 3038 epistolae
1464 2940 1709 3012 faciam
1731 2992 1755 3027 ,
1796 2944 1851 3013 si
1878 2945 1981 3014 ini
2014 2942 2105 3015 si·-

187 3078 406 3152 gnum
433 3082 650 3127 suum
673 3057 1060 3149 inpressero
1081 3106 1105 3141 ,
1133 3054 1212 3124 id
1249 3067 1387 3140 est,
1438 3050 1749 3144 aliquam
1778 3053 2105 3147 magnifi-
2188 3100 2193 3107 ·

186 3188 336 3235 cam
363 3187 620 3235 vocem
663 3162 1158 3261 perferendam
1186 3159 1275 3231 ad
1301 3177 1377 3231 te
1414 3157 1866 3229 mandavero.
1912 3159 2113 3228 Inter.

187 3292 394 3347 cetera
415 3276 598 3344 mala
634 3274 746 3343 hoc
774 3298 1012 3370 quoque
1037 3273 1228 3343 habet
1249 3271 1579 3346 stultitia.
1608 3293 1851 3374 semper
1872 3270 2103 3367 incipit

185 3387 407 3455 vivere.
449 3380 840 3453 Considera
875 3380 1062 3474 quid
1101 3402 1248 3450 vox
1285 3381 1413 3449 ista
1440 3376 1819 3475 significet,
1869 3376 2101 3446 Lucili

183 3492 504 3563 virorum
533 3488 841 3582 optime,
869 3506 942 3560 et
970 3487 1342 3584 intelliges,
1380 3510 1595 3577 quam
1624 3484 1837 3566 foeda
1862 3486 1955 3553 sit
1976 3484 2107 3555 ho·

184 3600 460 3669 minum
501 3598 793 3683 levitas,
829 3597 1157 3689 quotidie
1193 3616 1382 3669 nova
1420 3596 1603 3667 vitae
1634 3591 2099 3665 fundamenta

186 3704 665 3801 ponentium,
712 3702 936 3778 novas
965 3732 1118 3801 spes
1151 3708 1366 3781 etiam
1409 3708 1483 3777 in
1525 3704 1725 3775 exitu
1758 3702 2097 3774 inchoan}-

186 3817 386 3891 tium.
413 3817 900 3915 Circumspice
925 3835 1170 3891 tecum
1211 3820 1525 3917 singulos
1553 3845 1569 3888 ε
1614 3803 1989 3889 occurrent
2012 3816 2110 3887 ti-
