2809 4850
575 349 1689 436 EP·1s·roLAX11.
1982 387 2069 466 3,

151 545 530 604 mortuum
557 526 858 600 tollere?
889 561 963 582 -·-
1009 525 1106 596 At
1125 525 1284 598 ille:
1329 547 1480 598 non
1506 526 1867 625 cognoscis
1902 529 2081 604 me?

151 641 434 734 inquitz
471 662 609 737 ego
633 663 792 710 sum
821 636 1082 709 Felicio
1101 687 1126 724 ‚
1153 635 1571 708 cui'solebas
1602 637 1921 734 sigillaria
1944 638 2079 709 ad·-

150 751 376 838 fetre3
419 775 558 850 ego
599 775 760 823 sum
789 749 1106 840 Philositi
1142 746 1356 820 villici
1385 748 1569 818 filius
1597 798 1621 835 ,
1660 747 2076 822 deliciolum

146 878 391 934 tuum.
431 899 506 914 -—
537 859 910 946 Profecto,
950 858 1252 950 inquam
1273 905 1297 944 ‚
1337 858 1469 930 iste
1498 857 1785 928 delirat!
1825 861 2081 953 Pupu-

147 975 259 1044 lus
287 973 510 1044 etiam
537 970 882 1044 delicium
905 993 1153 1042 meum
1183 970 1409 1040 factus
1436 969 1588 1040 est?
1628 970 1911 1044 Prorsus
1942 995 2080 1067 po-

54 1161 70 1167 „
153 1099 288 1154 test
313 1084 503 1155 fieri:
541 1083 792 1156 dentes
815 1081 916 1152 illi
941 1103 1178 1184 quum
1203 1081 1517 1151 maxime
1548 1081 1847 1154 cadunt!

245 1192 510 1264 Debeo
540 1193 682 1263 hoc
719 1192 1132 1264 suburbano
1169 1214 1372 1276 meo,
1425 1191 1632 1284 quod
1672 1192 1847 1263 mihi
1874 1217 2079 1268 sene-

151 1317 308 1370 ctus
323 1324 514 1388 mea,
532 1321 1005 1393 quocumque
1017 1297 1843 1392 adverteram,adparuit.
1868 1302 2077 1374 Com·
2186 1373 2203 1382 ,

151 1413 558 1504 plectamur
579 1412 772 1484 illam
795 1461 819 1498 ,
859 1425 930 1481 et
953 1409 1306 1481 amemus:
1353 1412 1565 1503 plena
1593 1427 1695 1480 est
1742 1413 2077 1504 volupta-

150 1523 233 1591 tis
259 1571 285 1608 ‚
327 1521 384 1592 si
407 1509 528 1593 ill'a
557 1522 726 1593 scias
751 1519 877 1592 uti.
913 1517 1312 1590 Gratissima
1343 1535 1511 1589 sunt
1540 1543 1799 1613 poma,
1834 1543 2073 1612 quum

150 1627 446 1728 fugiunt
459 1656 480 1718 ;
520 1626 868 1724 pueritiae
915 1627 1266 1699 maximus
1315 1628 1390 1698 in
1424 1628 1621 1702 exitu
1673 1627 1895 1701 decor
1925 1644 2027 1700 est
2047 1651 2085 1720 ς’

152 1741 434 1812 deditos
483 1740 657 1812 vino
701 1739 906 1833 potio
957 1755 1275 1810 extrema
1325 1739 1633 1812 delectat
1654 1790 1679 1828 ,
1726 1741 1845 1811 illa
1885 1765 2074 1834 quae

151 1850 453 1948 mergit,
487 1873 670 1944 quae
695 1848 1014 1920 ebrietati
1039 1872 1394 1920 summam
1426 1873 1722 1922 manum
1759 1850 2071 1942 inponit.

154 1961 387 2067 Quod
429 1959 508 2031 in
557 1983 632 2030 se
674 1958 1262 2031 iucundissimum
1315 1960 1551 2028 omnis
1594 1959 1925 2052 voluptas
1951 1959 2076 2030 ha-

149 2072 276 2143 bet
299 2122 325 2159 ‚
369 2071 455 2142 in
493 2069 712 2141 finem
755 2071 863 2140 sui
905 2069 1165 2141 differt.
1207 2069 1721 2140 Iucundissima
1759 2085 1865 2140 est
1890 2085 2075 2142 aetas

151 2181 429 2252 devexa
451 2179 637 2264 iam,
685 2201 836 2248 non
868 2195 1106 2248 tamen
1142 2200 1508 2270 praeceps:
1552 2195 1624 2248 et
1658 2178 1847 2247 illam
1883 2203 2077 2272 quo-

115 2378 129 2384 ‚
152 2316 298 2384 que
323 2292 402 2362 in
430 2303 748 2360 extrema
775 2289 1009 2386 regula
1036 2307 1336 2358 stantem
1367 2286 1609 2359 iudico
1637 2287 1899 2358 habere
1918 2313 2073 2362 suas

148 2404 590 2497 voluptate-,3
621 2415 750 2474 aut
771 2399 911 2471 hoc
939 2400 1172 2494 ipsum
1209 2397 1527 2472 succedit
1562 2399 1637 2471 in
1670 2401 1913 2474 locum
1942 2426 2076 2472 vo-

147 2516 520 2607 luptatum
543 2562 566 2599 ,
602 2510 814 2583 nullis
839 2534 1058 2608 egere.
1081 2511 1326 2617 Quam
1355 2510 1569 2583 dulce
1598 2528 1699 2582 est
1720 2563 1742 2599 ,
1788 2511 2075 2607 cupidi-

147 2622 323 2694 tates
349 2621 663 2721 fatigasse
688 2644 768 2693 ac
795 2620 1184 2715 reliquisse!
1227 2660 1300 2676 —
1349 2616 1741 2693 Molestum
1770 2638 1872 2693 est
1890 2672 1914 2711 ,
1962 2621 2077 2693 in-

150 2734 310 2825 quis
328 2785 349 2819 ,
369 2748 688 2803 mortem
701 2748 867 2802 ante
889 2734 1136 2802 oculos
1158 2732 1417 2805 habere
1440 2734 1455 2803 !
1494 2770 1567 2785 —
1598 2732 1922 2804 Primum
1942 2730 2074 2805 ista

150 2860 296 2914 tam
351 2843 514 2913 seni·
545 2860 716 2915 ante
755 2841 1006 2916 oculos.
1041 2838 1261 2912 debet
1307 2866 1493 2927 esse,
1530 2866 1748 2933 quam
1780 2842 2069 2930 inveni,

151 2951 525 3023 norrenim
548 2951 846 3022 citamur
867 2972 959 3019 ex
979 2972 1194 3020 censu
1212 2976 1233 3035 3
1264 2948 1526 3019 deinde
1546 2973 1766 3021 nemo
1786 2966 1932 3021 tam
1956 2946 2063 3023 s'e-

148 3084 295 3133 nex
320 3076 463 3147 est,
490 3078 574 3133 ut
597 3060 903 3154 inprobe
929 3081 1163 3130 unum
1193 3056 1388 3131 diem
1416 3074 1665 3153 speret.
1716 3060 1915 3131 Unus
1938 3084 2071 3131 au-

151 3189 295 3243 tem
319 3168 491 3257 dies,-
517 3168 770 3265 gradus
793 3168 980 3239 vitae
1003 3185 1137 3239 est:
1169 3184 1320 3240 tota
1341 3185 1523 3239 aetas
1545 3168 1867 3261 partibus
1890 3193 2063 3241 con·

148 3296 310 3367 stat,
338 3296 415 3351 et
449 3280 658 3351 orbes
687 3278 905 3350 habet
923 3278 1451 3351 circumductos
1489 3280 1783 3351 maiores
1822 3282 2065 3353 mino·-

28 3434 30 3437 >
151 3391 366 3461 ribus.
389 3388 514 3460 Est
534 3390 823 3480 aliquis,
845 3387 974 3480 qui
999 3411 1249 3460 omnes
1277 3390 1797 3483 complectatur
1817 3408 1891 3463 et
1912 3393 2063 3462 cin·

149 3518 300 3598 gat3
337 3500 453 3571 hic
471 3500 787 3593 pertinet
809 3524 850 3569 a
873 3499 1084 3571 natali
1109 3498 1200 3569 ad
1237 3499 1433 3571 diem
1462 3518 1907 3571 extremum:
1951 3518 2087 3575 est·

151 3611 364 3696 alter,
413 3609 544 3702 qui
588 3630 814 3679 annos
837 3607 1350 3679 adolescentiae
1385 3608 1737 3693 excludit3
1792 3624 1893 3677 est
1918 3608 2053 3701 qui
2077 3618 2096 3644 ·“

150 3733 374 3789 totam
397 3718 778 3813 pueritiam
805 3715 1080 3789 ambitu
1107 3740 1238 3789 suo
1275 3716 1681 3814 adstringit3
1724 3734 1826 3789 est
1850 3716 2059 3801 dein-

32 3876 34 3887 .
151 3825 240 3897 de
264 3826 416 3921 ipse
449 3847 726 3917 annus,
770 3826 848 3897 in
879 3850 952 3897 se
997 3828 1242 3899 omnia
1283 3827 1657 3900 continens
1682 3845 2055 3929 tempora.

335 3934 391 4009 Ι.
965 4038 982 4057 ⁸
1379 4038 1384 4041 ¹
1570 3958 1619 4033 3
