2809 4850
687 399 824 456 100
1061 371 1146 444 L.
1198 365 1644 439 ANNAEI
1691 361 2212 438 SENECAE

677 541 828 638 quin
856 532 1073 604 senilis
1114 533 1333 600 anima
1374 530 1444 598 in
1473 526 1702 634 primis
1735 523 1934 596 lab'ris
1961 540 2158 599 esset.
2193 546 2310 596 nec
2349 549 2620 620 magna

672 650 741 722 m·
762 643 1229 714 distraheretur
1260 663 1303 710 a
1328 636 2014 738 corpore.1gnis,quz
2004 631 2358 708 valentem
2391 653 2622 707 mate-

673 763 845 834 riam
869 757 1241 858 occupavit,
1284 777 1452 850 aqua
1484 767 1547 820 et
1587 749 1912 822 interdum
1953 751 2149 818 ruina
2180 751 2621 842 exstinguen-

676 872 797 943 dus
820 887 960 942 ests
1000 867 1154 942 ille,
1189 866 1303 962 qui
1337 863 1664 934 alimentis
1688 859 2024 958 deficitur,
2053 883 2174 928 sua
2199 875 2424 956 sponte
2447 861 2610 929 sub-

674 977 852 1054 sidit.
889 973 1227 1046 Libenter
1254 971 1470 1058 haec,
1499 969 1603 1040 mi
1631 968 1900 1054 Lucili,
1942 965 2204 1052 audin,
2236 987 2393 1036 non
2417 982 2606 1038 tam·

674 1111 895 1181 quam
922 1108 1139 1171 nova,
1164 1081 1287 1155 sed
1304 1099 1675 1174 tamquam
1697 1079 1772 1148 in
1793 1102 1942 1148 rem
1967 1091 2411 1170 praesentem
2435 1101 2607 1170 per-

675 1195 953 1268 ductus.
985 1193 1194 1300 Quid
1228 1191 1446 1289 ergo?
1487 1212 1640 1260 non
1678 1178 1941 1260 rn'ultos
1968 1186 2280 1279 spectavi
2303 1186 2606 1256 abrum-

668 1319 920 1402 pentes
946 1303 1211 1374 vitam?
1255 1301 1405 1399 Ego
1445 1323 1616 1370 vero
1645 1296 1838 1382 vidi3
1867 1294 2004 1366 sed
2033 1295 2198 1389 plus
2238 1299 2600 1367 momenti

670 1415 872 1510 apud
917 1439 1037 1486 me
1077 1413 1387 1500 habent,
1443 1409 1572 1503 qui
1609 1409 1707 1478 ad
1745 1419 2058 1478 mortem
2101 1408 2408 1478 veniunt
2448 1409 2602 1480 sine

674 1527 848 1599 odio
878 1527 1093 1616 vitae,
1120 1543 1193 1598 et
1216 1523 1614 1596 admittunt
1637 1520 1860 1609 illam,
1884 1544 2034 1590 non
2057 1517 2470 1595 adtrabunt.
2504 1522 2604 1592 Il-

674 1637 792 1708 lud
822 1636 1115 1732 quidem,
1158 1634 1430 1721 aiebat,
1485 1649 1868 1703 tormentum
1922 1647 2146 1701 nostra
2201 1654 2314 1700 nos
2359 1633 2602 1701 sentire

670 1767 901 1846 opera,
939 1744 1109 1842 quod
1142 1762 1296 1814 tunc
1324 1742 1750 1842 trepidamus,
1787 1761 1980 1838 quum
1996 1765 2194 1839 prope
2223 1765 2264 1810 a
2296 1741 2473 1810 nobis
2499 1764 2600 1810 es·-

664 1877 743 1956 5⁶
764 1853 1081 1924 eredimus
1114 1871 1404 1924 mortem.
1449 1853 1512 1921 A
1541 1875 1659 1949 quo
1699 1853 1866 1922 enim
1883 1875 2086 1950 prope
2123 1876 2248 1921 non
2292 1847 2434 1926 εζιτ.
2471 1875 2598 1948 pa-

668 1983 824 2038 rata
842 1967 1128 2038 omnibus
1168 1963 1359 2039 locis.
1395 1943 1802 2060 omnibusque
1837 1963 2172 2046 momentis
2197 1966 2242 2030 ἓ
2285 1962 2420 2034 Sed
2443 1965 2598 2032 con'-

669 2077 1064 2151 st‘deremus.
1095 2072 1368 2164 inquit,
1402 2089 1596 2146 tunc,
1633 2096 1826 2167 quum
1853 2071 2072 2169 aliqua
2099 2095 2298 2144 causa
2318 2076 2599 2144 mori-en·-

670 2186 741 2256 di
762 2186 1017 2258 videtur
1050 2184 1386 2256 accedere.
1426 2198 1665 2277 quanto
1692 2183 1858 2252 aliae
1870 2185 2200 2282 propiores
2225 2189 2399 2258 sint,
2433 2209 2597 2280 quae

667 2317 794 2364 non
843 2295 1172 2362 timentur.
1237 2286 1476 2356 Hostis
1521 2287 1734 2358 alicui
1786 2307 2094 2360 mortem
2139 2291 2593 2364 minabatur.

667 2398 854 2469 hanc
893 2395 1199 2471 cruditas
1232 2395 1634 2487 occupavit.
1689 2393 1762 2467 Si
1805 2396 2237 2497 distinguere
2273 2401 2594 2471 volueri-

666 2513 840 2581 mus'
876 2528 1107 2577 causas
1148 2519 1381 2575 metus
1421 2506 1686 2595 nostri,
1735 2507 2183 2580 inveniemus
2213 2512 2375 2581 alins
2409 2534 2593 2599 esse,

666 2618 829 2689 alias
872 2616 1119 2689 videri.
1164 2614 1339 2687 Non
1378 2632 1692 2689 mortem
1742 2618 2117 2707 timemus,
2162 2619 2282 2691 sed
2325 2622 2599 2717 cogita·

667 2730 946 2801 tionem
974 2726 1263 2797 mortis:
1298 2725 1561 2821 abipsa
1591 2730 1785 2801 enim
1814 2751 2096 2825 semper
2129 2730 2594 2823 tantumdem

654 2840 1031 2911 absumus.
1042 2838 1148 2911 Ita
1166 2890 1185 2927 ‚
1208 2836 1269 2911 si
1298 2837 1622 2909 timenda
1646 2862 1836 2911 mors
1855 2858 1990 2930 est,
2023 2866 2301 2935 semper
2325 2840 2596 2911 timen-

670 2948 759 3019 da
784 2964 923 3019 est:
965 2946 1169 3041 quod
1200 2949 1393 3019 enim
1427 2952 1639 3022 morti
1670 2968 1954 3048 tempus
1983 2968 2350 3022 exemtum
2384 2954 2540 3022 est?

764 3054 906 3127 Sed
943 3056 1167 3127 vereri
1196 3056 1431 3128 debeo
1452 3110 1474 3145 ,
1503 3082 1597 3129 ne
1637 3075 1783 3129 tam
1809 3060 2068 3157 longas
2101 3058 2426 3151 epistolas
2455 3082 2594 3153 pe-

667 3166 814 3250 ius,
840 3186 1063 3255 quam
1102 3181 1450 3250 mortem,
1479 3166 1743 3237 oderis·
1761 3168 2026 3260 itaque
2065 3166 2286 3241 finem
2317 3166 2592 3239 faciam.

544 3284 549 3293 ·
664 3271 786 3341 Tu
821 3286 1063 3343 tamen
1099 3286 1443 3362 mortem,
1491 3290 1574 3344 ut
1615 3296 2020 3369 numquam
2067 3274 2354 3367 timeae,
2399 3299 2592 3349 sem-

661 3400 793 3475 per
818 3378 1070 3478 cogita.
1114 3379 1313 3453 Vale.

916 3601 985 3627 ..
1084 3514 1752 3629 ΕΡιεΤοὶΑ
1827 3536 2208 3637 ΧΧΧῙ.’
2315 3600 2320 3607 -
2423 3600 2430 3610 .

661 3680 728 3733 Et
740 3694 889 3749 vota,
905 3697 961 3739 et
976 3684 1167 3741 iudicia
1181 3687 1355 3759 vulgi,
1381 3692 1750 3758 spernendumz
1773 3694 1836 3745 ad
1857 3706 2036 3747 vetum
2052 3692 2242 3747 benum
2251 3690 2472 3744 eundum
2489 3700 2591 3743 est.

790 3762 849 3815 ld
865 3777 1065 3829 autem,
1082 3768 1302 3821 scientia
1318 3785 1512 3823 rerum.
1534 3787 1626 3839 per
1645 3788 1790 3839 quam
1810 3790 1931 3827 vera
1951 3784 2003 3827 et
2024 3770 2149 3825 falsa
2165 3786 2378 3833 noscam.
2387 3769 2595 3841 peritu-

786 3856 845 3894 ιιι
860 3854 915 3895 et
933 3860 1187 3901 mansura.
1215 3848 1472 3919 Exemplis
1495 3847 1734 3905 illustrat
