2809 4850
643 342 778 442 ηε
1016 341 1092 415 L
1144 338 1587 413 ANNAEI
1644 337 2169 412 SENECAE

633 503 932 580 Sextum
975 525 1196 606 genus
1239 527 1493 575 eorum
1540 517 1682 588 est,
1715 525 1875 598 quae
1908 505 2098 600 quasi
2124 517 2326 578 sunt:
2368 519 2563 578 tam-

637 639 858 710 quam
883 614 1129 702 inane,
1164 630 1535 705 tamquam
1564 627 1871 706 tempus.

729 725 1262 829 Quaecumque
1303 720 1634 793 videmus
1664 745 1745 792 ac
1788 722 2185 818 tangimus,
2224 721 2431 796 Plato
2478 724 2565 796 in

626 835 761 906 illis
788 855 940 904 non
959 846 1319 921 numerat,
1347 853 1535 924 quae
1552 855 1683 902 esse
1701 833 1989 925 proprie
2014 848 2243 925 putat.
2279 833 2565 908 Fluunt

605 939 863 1030 ‘enim,
897 958 973 1016 et
1003 940 1080 1012 in
1117 937 1411 1012 adsidua
1444 938 1933 1021 diminutione
1960 927 2181 1032 atque
2209 940 2566 1014 adiectio-

624 1076 722 1130 ne
761 1067 954 1140 sunt.
991 1049 1068 1124 N
1071 1072 1236 1123 emo
1279 1053 1605 1123 nostrum
1638 1047 1835 1120 idem
1876 1065 1978 1120 est
2014 1049 2093 1120 in
2128 1067 2505 1123 senectute
2528 1103 2557 1140 ‚

625 1161 762 1256 qui
783 1157 922 1230 fuit
959 1157 1276 1243 iuvenis;
1303 1179 1525 1232 nemo
1558 1171 1661 1228 est
1682 1180 1933 1244 mane,
1962 1157 2092 1250 qui
2118 1155 2263 1230 fuit
2302 1158 2557 1252 pridie.

623 1271 950 1364 Corpora
973 1282 1208 1340 nostra
1229 1267 1611 1360 rapiuntur
1633 1264 2025 1338 fluminum
2052 1289 2291 1352 more3
2330 1266 2561 1359 quid-

621 1378 807 1476 quid
835 1376 1081 1466 vides‚
1133 1374 1354 1448 currit
1395 1399 1567 1446 cum
1616 1390 1980 1470 tempore3
2037 1373 2221 1444 nihil
2260 1397 2356 1445 ex
2402 1375 2552 1465 hie,
2622 1397 2635 1417 ·

623 1513 814 1584 quae
837 1488 1198 1575 videmus,
1221 1502 1482 1561 manet.
1506 1485 1663 1584 Ego
1681 1485 1834 1580 ipse
1849 1534 1873 1574 ,
1894 1483 2072 1557 dum
2092 1485 2363 1575 loquor
2386 1509 2555 1556 mu·

621 1601 756 1672 tari
785 1601 949 1688 ista,
987 1613 1302 1670 mutatus
1339 1605 1523 1670 eum.
1559 1597 1723 1670 Hoc
1766 1612 1869 1668 est
1894 1592 2099 1690 quod
2137 1594 2236 1665 ait
2272 1595 2559 1668 ΗΒΕΑ-

623 1726 950 1788 curus:
981 1713 1062 1782 In
1095 1709 1261 1814 idem
1286 1707 1537 1802 flumen
1580 1709 1672 1780 bis
1708 1733 1834 1780 non
1876 1706 2330 1780 descendimus.
2390 1706 2557 1778 Ma·-

619 1832 748 1891 net
795 1817 992 1890 idem
1030 1813 1348 1888 fluminis
1395 1838 1714 1906 nomen,
1761 1839 1948 1911 aqua
1990 1816 2383 1888 transmissa
2424 1831 2553 1889 est.

619 1928 840 2000 Hoc'
821 1952 900 2000 m
936 1949 1152 1998 amne
1179 1924 1612 2000 manifestius
1646 1942 1749 1996 est
1775 1973 1798 2013 ,
1830 1949 2047 2018 quam
2084 1924 2161 1992 in
2198 1924 2545 1996 homine·

617 2037 745 2110 sed
769 2063 900 2110 nos
927 2061 1228 2134 quoque
1267 2060 1423 2109 non
1462 2039 1701 2112 minus
1726 2039 1943 2110 velox
1968 2051 2212 2111 cursus
2236 2055 2555 2134 praeter-

618 2146 850 2234 vehit3
885 2161 958 2218 et
979 2145 1146 2219 ideo
1171 2145 1489 2218 admiror
1514 2146 1953 2220 dementiam
1978 2163 2320 2234 nostram,
2340 2146 2552 2240 quod

618 2272 996 2350 tantopere
1023 2281 1338 2329 amamus
1356 2282 1510 2329 rem
1533 2256 2046 2355 fugacissimam
2070 2308 2093 2345 ,
2122 2280 2384 2352 corpus
2402 2309 2427 2344 ,
2454 2257 2550 2328 ti-

616 2388 1050 2480 memusque
1092 2389 1185 2437 ne
1223 2363 1527 2489 quando
1562 2365 1993 2457 moriamur,
2040 2389 2274 2457 quum
2322 2389 2549 2438 omne

619 2470 1083 2545 momentum
1101 2496 1289 2543 mors
1311 2473 1564 2567 prioris
1579 2472 1867 2545 habitus
1890 2475 1996 2545 sit.
2026 2474 2152 2545 Vis
2174 2492 2256 2545 tu
2280 2498 2438 2547 non
2462 2477 2553 2545 ti·
2614 2526 2629 2533 -

547 2576 552 2585 ’
616 2558 849 2667 mere,
890 2603 986 2650 ne
1011 2581 1230 2651 semel
1252 2580 1373 2651 fiat
1403 2579 1607 2673 quod
1638 2580 1967 2674 quotidie
1994 2582 2120 2652 fit?
2158 2581 2274 2654 De
2300 2584 2547 2655 homi-

477 2722 496 2741 ·
617 2712 713 2760 ne
740 2688 932 2778 dixi,
956 2687 1178 2760 fluida
1200 2690 1493 2761 materia
1512 2705 1587 2760 et
1612 2689 1876 2763 caduca
1892 2738 1916 2777 ,
1944 2706 2019 2763 et
2035 2691 2378 2762 omnibus
2404 2693 2541 2763 ob-

616 2796 836 2870 noxia
861 2798 1116 2871 causisz
1165 2800 1484 2871 mundus
1510 2824 1811 2895 quoque
1830 2852 1853 2889 ,
1884 2816 2172 2901 aeterna⁸
2190 2827 2297 2873 res
2325 2819 2401 2873 et
2432 2802 2547 2874 in-

619 2909 845 2998 victa,
879 2926 1202 3001 mutatur
1224 2964 1247 2998 ,
1276 2912 1633 3005 necjdem·
1661 2931 1922 2984 manet.
1950 2914 2319 3020 ‘Quamvis
2342 2916 2540 2988 enim

620 3022 866 3093 omnia
903 3022 979 3093 in
1024 3047 1095 3095 se
1139 3022 1457 3110 habeat,
1500 3048 1685 3115 quae
1714 3023 2005 3111 habuit3
2051 3026 2251 3097 aliter
2280 3026 2539 3118 habet,

621 3156 844 3229 quam
867 3132 1158 3205 habuit:
1189 3134 1517 3204 ordinem
1542 3148 1798 3205 mutat.
1846 3132 1851 3140 “

717 3240 925 3349 Quid
941 3292 986 3329 „
1005 3241 1280 3336 inquiS,
1321 3245 1447 3315 ista
1472 3242 1817 3316 subtilitas
1846 3246 2027 3317 mihi
2057 3246 2427 3342 proderit?
2454 3291 2529 3303 —

617 3350 696 3425 Si
723 3378 841 3423 me
865 3353 1281 3451 interrogas,
1316 3356 1519 3425 nihil.
1564 3354 1708 3426 Sed
1746 3360 2373 3449 quemadmodum
2417 3363 2542 3434 ille

618 3462 922 3535 caelator
945 3466 1192 3535 oculos
1239 3463 1372 3535 diu
1410 3464 1723 3537 intentos
1752 3490 1832 3539 ac
1872 3466 2195 3593 fatigatos
2232 3471 2540 3543 remittit

615 3588 836 3665 atque
857 3588 1108 3647 avocat
1126 3621 1152 3661 ,
1174 3590 1247 3645 et
1261 3623 1285 3662 ,
1312 3590 1399 3647 ut
1425 3572 1570 3645 dici
1589 3577 1804 3665 solet,
1832 3579 2083 3671 pascit3
2117 3579 2213 3651 sic
2239 3602 2368 3651 nos
2386 3580 2542 3652 ani-

618 3702 829 3753 mum
869 3682 1258 3778 aliquando
1311 3683 1661 3758 debemus
1700 3686 2054 3780 relaxare,
2104 3705 2177 3762 et
2226 3690 2537 3784 quibus-

621 3786 792 3863 dam
811 3791 1351 3871 oblectamentis
1370 3796 1675 3874 reficere.
1707 3794 1890 3871 Sed
1872 3812 2019 3893 ipsa
2044 3797 2541 3881 oblectamen-

513 4830 900 4840 ιμ’-μέ
925 4838 936 4840 -
953 4838 962 4840 -
