2809 4850
676 393 813 463 114
1010 317 1122 463 t11
1172 357 1620 436 ΑΝΝΑΕι
1675 354 2197 432 SENECAE

666 532 839 602 alter
862 525 1053 598 illam
1072 545 1299 614 annus
1318 519 1654 610 adducit3
1685 507 1910 592 hiems
1935 517 2198 592 cecidit
2215 568 2238 606 ,
2265 513 2602 596 referent

665 641 859 714 illam
900 637 1005 707 sui
1044 657 1349 728 menses3
1400 633 1628 704 solem
1667 654 1822 702 nox
1858 629 2105 704 oblinit
2129 679 2156 717 ,
2199 629 2326 700 sed
2353 628 2600 723 ipsam

663 751 899 824 statim
926 745 1075 833 dies
1098 743 1357 843 abiget.
1383 741 1762 816 Stellarum
1788 741 1918 812 iste
1943 738 2278 815 decursus
2299 786 2324 826 ,
2359 737 2593 832 quid-

663 839 848 953 quid
894 853 1226 950 praeterit
1243 899 1273 940 ,
1319 851 1588 948 repetit
1611 878 1629 920 ε
1688 873 1844 944 pars
1895 849 2080 920 coeli
2133 850 2414 920 levatur
2450 845 2626 935 adr.

659 966 901 1054 sidue,
944 987 1099 1060 pars
1138 962 1498 1060 mergitur.
1541 959 1884 1050 Denique
1923 958 2142 1040 finem
2173 955 2476 1045 faciam,
2525 957 2589 1028 si

657 1075 803 1150 hoc
842 1097 1074 1146 unum
1110 1070 1478 1158 adiecere,
1523 1092 1658 1142 nec
1698 1065 2000 1172 infantes
2020 1115 2046 1156 ,
2089 1089 2226 1138 nec
2269 1089 2542 1160 pueros
2563 1115 2594 1156 ,

656 1209 795 1260 nec
816 1200 1062 1256 mente
1084 1183 1311 1275 lapsos
1328 1229 1352 1269 ,
1376 1179 1632 1252 timere
1656 1194 2002 1278 mortem:
2032 1190 2112 1250 et
2137 1196 2280 1246 esse
2308 1171 2590 1266 turpis·-

656 1293 919 1368 simum
940 1291 1050 1379 ,si
1088 1313 1246 1362 eam
1268 1289 1718 1363 securitatem
1746 1285 1958 1356 nobis
1992 1283 2170 1361 ratio
2197 1305 2352 1356 non
2374 1303 2614 1376 prae-.

656 1415 790 1476 stat
805 1451 829 1490 ,
850 1398 943 1472 ad
970 1421 1193 1494 quam
1224 1392 1520 1468 matitia
1543 1393 1895 1498 perducit.
1923 1389 2152 1486 Vale..
2193 1440 2206 1454 .

1008 1555 1657 1636 EPISTOLA
1727 1527 2272 1632 xxxv11.'
2381 1543 2391 1548 ’

653 1675 1077 1756 Perseverandsn
1093 1694 1147 1748 in
1164 1693 1253 1750 via
1269 1707 1325 1748 et
1338 1692 1519 1746 militia
1536 1690 1811 1761 supientiae
1829 1706 1968 1748 esse.
1985 1691 2062 1744 Ab
2077 1689 2172 1742 hae
2195 1688 2414 1742 salutem
2427 1727 2445 1753 ‚
2465 1686 2588 1742 fen-

780 1775 985 1832 citaten
997 1812 1016 1840 .
1028 1774 1314 1830 ubertatem
1330 1771 1571 1843 pendete.
1597 1767 1884 1834 Per-veniri,
1901 1779 1957 1824 et
1974 1767 2115 1822 vinei
2127 1807 2146 1836 ,
2163 1767 2387 1824 Ratione
2401 1767 2578 1828 ‹luee-⁶

1036 1885 1381 1982 SE‘NECA
1431 1905 1685 1978 Lucilio
1727 1927 1837 1976 suo
1870 1879 2182 1976 Salutem.

650 2012 963 2178 QUOD
994 2071 1395 2143 maximum
1421 2067 1790 2140 vinculum
1821 2081 1924 2139 est
1945 2065 2039 2158 ad
2073 2065 2349 2139 bonam
2363 2089 2576 2140 men-

646 2194 799 2252 tem
818 2227 841 2265 ,
866 2177 1286 2272 promisisti:
1314 2176 1545 2249 virum
1572 2175 1874 2248 bonum.
1900 2165 2356 2250 sacramento
2376 2200 2606 2276 roga·.

646 2301 764 2358 tus
788 2309 879 2357 es.
909 2283 1290 2357 Deridebit
1307 2334 1332 2373 ,
1364 2285 1421 2356 si
1448 2284 1604 2378 quis
1629 2285 1766 2355 tibi
1792 2284 2090 2373 dixerit,
2135 2287 2438 2358 mollem
2461 2309 2574 2357 es·-

641 2415 719 2468 se
746 2393 1071 2466 militiam
1097 2411 1170 2466 et
1196 2391 1475 2466 facilem
1497 2421 1514 2462 ε
1544 2395 1721 2465 nolo
1743 2411 1816 2466 te
1842 2393 2100 2491 decipi.
2137 2393 2406 2467 Eadem
2429 2395 2574 2469 ho-

644 2501 1012 2574 nestissimi
1048 2499 1263 2573 huius
1286 2517 1359 2575 et
1396 2500 1583 2572 illius
1629 2502 2012 2597 turpissimi
2044 2504 2573 2577 auctoramenti

644 2612 862 2709 verba
876 2627 1075 2684 sunt:
1104 2612 1215 2683 uri
1235 2661 1259 2699 ,
1301 2612 1552 2687 vinciri
1567 2664 1588 2699 ,
1619 2612 1952 2707 ferroque
1981 2613 2232 2709 necari.
2269 2612 2387 2685 Ab
2410 2612 2520 2684 his
2539 2662 2569 2701 ,

644 2722 775 2818 qui
798 2744 1050 2795 manus
1075 2746 1326 2796 arenae
1346 2725 1614 2813 locant,
1636 2741 1710 2797 et
1725 2724 1954 2798 edunt
1967 2750 2052 2797 ac
2078 2725 2347 2799 bibunt
2373 2749 2564 2818 quae

638 2855 771 2927 per
792 2832 1215 2929 ‘sanguinem
1254 2831 1564 2909 reddant
1585 2882 1608 2920 ,
1637 2847 1970 2921 cavetur,
2025 2850 2108 2907 ut
2141 2833 2270 2907 ista
2295 2836 2414 2907 vel
2446 2837 2564 2907 in-

640 2942 773 3015 viti
794 2942 1187 3037 patiantur3
1222 2967 1265 3013 a
1296 2957 1369 3014 te
1389 2993 1414 3031 ,
1445 2958 1532 3013 ut
1554 2944 1800 3014 volens
1834 2941 2212 3035 libensque
2251 2942 2558 3036 patiaris.

638 3050 782 3122 miz
810 3053 974 3123 licet
992 3076 1183 3123 arma
1202 3050 1622 3122 submittere
1638 3040 1666 3133 ’,
1709 3049 2256 3122 misericordiam
2290 3051 2560 3145 populi

638 3174 949 3231 tentare:
998 3176 1079 3241 tu
1117 3182 1361 3252 neque
1394 3157 1802 3245 submittes,
1834 3180 1970 3231 nec
1991 3158 2212 3234 vitam
2233 3160 2562 3258 rogabis3

638 3282 835 3345 recto
872 3266 1009 3337 tibi
1032 3266 1448 3360 invictoque
1471 3266 1932 3367 moriendom
1959 3284 2078 3340 est.
2103 3268 2308 3375 Quid
2331 3292 2558 3362 porro

637 3378 963 3474 prodest,
996 3380 1259 3473 paucos
1294 3377 1442 3479 dies
1465 3396 1590 3451 aut
1615 3402 1840 3463 annos
1875 3378 2054 3452 lucri
2089 3380 2368 3453 facere?
2400 3381 2558 3455 sine

636 3485 967 3557 missione
998 3485 1369 3559 nascimur.
1413 3524 1485 3541 -
1546 3485 1960 3591 Quomodo
2005 3510 2174 3587 ergo
2190 3538 2218 3578 ,
2265 3487 2556 3582 inquis,

637 3616 759 3667 me
784 3594 1207 3691 expediam?
1239 3635 1316 3649 —
1368 3594 1693 3696 Effugere
1736 3622 1891 3671 non
1933 3616 2139 3693 potes
2181 3598 2556 3677 necessita·-

638 3718 741 3775 tes
755 3728 776 3791 3
802 3723 1001 3799 potes
1024 3707 1329 3782 vincere.
1363 3708 1520 3781 Fiat
1543 3710 1696 3807 via!
1739 3726 1812 3781 et
1839 3708 2020 3782 hanc
2044 3707 2182 3783 tibi
2205 3708 2398 3781 viam
2427 3709 2559 3781 da·

637 3808 753 3883 bit
781 3812 1257 3923 Philosophia.
1308 3815 1428 3891 Ad
1463 3816 1648 3892 hanc
1683 3832 1758 3891 te
1783 3816 2068 3909 confer,
2103 3818 2162 3891 si
2192 3806 2296 3891 vis
2319 3812 2558 3901 salvus
