2809 4850
651 339 1457 432 E‚P-1·STOLA
1545 345 1825 420 Lvu.
2052 375 2182 456 ¹7¹·

239 515 662 603 ›tristitiam3
707 531 784 587 et
807 515 1240 588 inhorrescet
1263 516 1356 588 ad
1391 518 1666 605 subita3
1710 531 1785 588 et
1808 517 2139 614 caligabit
2158 568 2184 608 ,

249 627 320 696 si
341 644 610 698 vastam
636 625 1096 698 altitudinem
1116 675 1139 714 ,
1171 627 1246 698 in
1269 627 1631 723 crepidine
1654 629 1801 698 eius
1832 627 2187 700 constitu-

251 751 381 805 tus
404 733 866 830 ,despexerit
907 736 1078 806 Non
1117 750 1221 808 est
1257 737 1372 808 hic
1401 739 1653 825 timor,
1692 737 1833 810 sed
1854 737 2187 810 naturalis

257 839 580 914 adfectio
600 842 1170 938 inexpugnabilis
1195 843 1471 920 rationi
1500 845 1751 940 Itaque
1778 844 1991 918 fortes
2018 846 2188 938 qui-

259 952 472 1068 dam,
525 968 603 1028 et
645 951 1054 1053 paratissimi
1103 950 1406 1024 fundere
1462 978 1674 1026 suum
1724 959 2177 1054 sanguinem,

258 1032 585 1132 alienum
609 1062 868 1132 videre
877 1085 1028 1132 non
1055 1079 1388 1156 possunt.
1424 1065 1721 1156 quidam
1756 1065 1847 1135 ad
1876 1062 2185 1136 vulneris

255 1171 480 1260 novi,
511 1170 816 1263 quidam
855 1171 948 1242 ad
981 1173 1232 1242 veteris
1271 1189 1346 1242 et
1377 1175 1793 1266 purulenti,
1821 1174 2185 1246 tractatio·

257 1301 438 1352 nem
485 1281 1152 1374 inspectionemque
1197 1281 1583 1358 succidunt
1622 1305 1703 1354 ac
1742 1284 2183 1376 linquuntur
2266 1289 2275 1312 ¹

246 1391 545 1488 animoj
593 1388 708 1459 alii
735 1387 1052 1486 gladium
1080 1387 1346 1462 facilius
1375 1387 1731 1482 recipiunt
1754 1441 1777 1478 ,
1828 1415 2046 1484 quam
2072 1392 2185 1462 vi·

255 1499 466 1572 dent.
487 1497 684 1574 Sensi
704 1525 903 1599 erge,-
925 1517 1008 1573 ut
1031 1500 1391 1588 dicebam,
1416 1499 1807 1594 quamdam
1838 1523 1990 1572 non
2018 1499 2185 1594 qui-

256 1605 441 1686 dem
475 1613 1130 1704 perturbationem,
1176 1613 1865 1699 sed'mutationem3
1910 1637 2179 1702 rursusi,

259 1719 358 1791 ad
397 1722 716 1814 primum
755 1736 1218 1816 conspectum
1264 1709 1582 1792 redditae
1627 1721 1843 1809 lucis,
1878 1724 2185 1794 alacritas

249 1830 643 1926 *incogitata
683 1830 896 1902 rediit
936 1849 1008 1902 et
1043 1831 1317 1902 iniussa.
1364 1829 1555 1900 Illud
1586 1829 1849 1900 deinde
1892 1853 2181 1900 mecum

257 1939 470 2032 loqui
500 1941 746 2032 coepi,
779 1965 1000 2032 quam
1032 1941 1278 2034 inepte
1303 1938 1657 2032 quaedam
1688 1938 1903 2036 magis
1938 1951 2016 2010 ac
2046 1940 2183 2008 mi-

247 2069 400 2123 nus
423 2045 871 2134 timeremus,
926 2069 1158 2138 quum
1191 2047 1523 2117 omnium
1567 2044 1761 2118 idem
1790 2045 1956 2116 finis
1986 2062 2179 2116 esset.

261 2150 475 2256 Quid
501 2154 690 2224 enim
716 2157 1038 2240 interest,
1067 2168 1316 2224 utrum
1337 2177 1543 2244 supra
1570 2152 1887 2244 aliquem
1912 2151 2180 2248 vigilia-

257 2263 451 2334 rium
473 2280 667 2350 ruat,
695 2287 784 2334 an
807 2263 1066 2333 mons?
1097 2261 1293 2349 Nihil
1319 2261 1668 2353 invenies:
1698 2276 1913 2332 erunt
1930 2277 2172 2332 tamen

259 2375 394 2469 qui
430 2372 618 2443 hanc'
647 2373 929 2445 ruinam
971 2373 1188 2471 magis
1219 2371 1561 2458 timeant,
1618 2369 1941 2463 quamvis
1986 2386 2178 2443 utra-

251 2498 412 2567 que
451 2477 813 2549 mortifera
837 2504 1068 2573 aeque
1109 2479 1216 2549 sit.
1247 2477 1455 2551 Adeo
1490 2500 1644 2549 non
1684 2472 1973 2551 effectus
1992 2528 2019 2567 ,
2056 2473 2181 2549 sed

249 2584 638 2657 efficientia
665 2588 885 2660 timor
913 2606 1199 2683 spectat.

359 2692 578 2767 Nunc
623 2720 744 2768 me
779 2714 1035 2791 putas
1037 2696 1130 2767 de
1175 2694 1429 2770 Stoicis
1462 2696 1735 2785 dicere,
1779 2695 1913 2791 qui
1918 2668 2181 2769 ‘existb
2252 2726 2265 2739 ·

251 2823 462 2879 mant
505 2808 820 2879 animam
883 2807 1192 2879 hominis
1247 2832 1509 2905 magno
1566 2804 1889 2901 pondere
1937 2804 2174 2877 extriti

259 2934 680 3003 permanere
701 2936 854 2984 non
883 2936 1119 3009 posse,
1161 2917 1503 3001 etstatim
1530 2912 1752 3009 spargi
1770 2952 1793 2997 ,
1830 2910 2000 3003 quia
2026 2932 2178 2983 non

261 3017 476 3089 fuerit
505 3020 608 3091 illi
631 3020 862 3093 exitus
881 3022 1110 3106 liber?
1139 3062 1210 3077 -·
1243 3023 1394 3121 Ego
1424 3046 1589 3094 vero
1616 3044 1769 3093 non
1796 3018 2016 3091 facim
2049 3015 2178 3110 qui

255 3128 408 3203 -hoc‘
445 3130 738 3221 dicunt,
783 3131 1123 3205 videntur
1159 3136 1337 3205 mihi
1372 3157 1625 3205 errare.
1680 3127 2181 3235 Quemadmo-

269 3237 448 3309 dum
487 3238 779 3315 flamma
805 3267 954 3317 non
977 3250 1216 3338 pote‘st
1253 3246 1610 3339 opprimi3
1664 3245 1865 3337 (nam
1894 3240 2075 3314 circa
2094 3239 2179 3311 id

251 3352 585 3452 diffugit,
610 3365 1174 3457 *quourgeturq
1215 3358 1839 3453 quemadmodum
1880 3368 1995 3429 aer
2023 3378 2185 3430 ver-

265 3462 434 3534 bere
460 3483 583 3537 aut
613 3466 764 3540 ictu
789 3494 940 3541 non
977 3471 1280 3542 laeditur
1300 3524 1323 3560 ,
1349 3496 1443 3544 ne
1468 3475 1811 3545 scinditur
1837 3470 2133 3565 quidem
2156 3517 2183 3558 ,
2254 3512 2275 3527 α
2318 3515 2335 3528 ·
2414 3512 2421 3521 ·

267 3575 390 3646 sed
429 3576 606 3648 eima
641 3577 768 3667 id,
803 3580 1186 3669 cui-cessit,
1233 3581 1679 3657 refunditurz
1724 3582 1819 3652 sic
1856 3579 2180 3666 animus,

175 3741 188 3782 .·
267 3688 397 3779 qui
425 3714 522 3758 ex
560 3692 968 3761 tenuissimo
1012 3707 1286 3763 constat
1305 3741 1328 3778 ,
1369 3690 1809 3786 deprehendi
1850 3713 2003 3763 non
2044 3714 2181 3785 po·-

263 3812 438 3889 test,
485 3822 620 3873 nec
646 3802 831 3875 intra
863 3826 1120 3901 corpus
1150 3802 1392 3908 adfligi
1406 3830 1431 3894 3
1470 3804 1597 3877 sed
1625 3803 1981 3891 ,beneficio
2006 3804 2183 3877 sub·
