2809 4850
1376 53 1424 103 Ι

634 349 779 452 148
1020 349 1101 426 1.
1148 347 1597 433 ᾼΝΝΑΕῙ
1641 345 2173 431 SENECAE

630 512 843 588 nobis
873 507 1233 598 accidere,
1272 507 1546 603 liqueat
1571 509 1720 582 tibi.
1751 508 1998 582 Nemo
2025 533 2098 582 se
2123 529 2418 583 avarum
2449 535 2558 584 es·-

632 645 705 696 se
726 605 1099 719 iutelligit,
1125 643 1347 692 nemo
1372 611 1750 712 cupidum.
1767 618 1987 691 Caeci
2011 637 2252 692 tamen
2280 619 2554 696 ducem

632 748 1025 828 quaerunt3
1084 751 1219 802 nos
1259 731 1408 810 sine
1457 729 1644 803 duce
1687 753 2041 818 erramus,
2081 739 2180 802 et
2197 729 2552 802 dicimus:

629 841 705 916 N
710 863 806 913 on
836 861 971 940 ego
994 839 1410 912 ambitiosus
1431 863 1588 910 sum
1604 890 1628 928 ,
1657 839 1782 910 sed
1805 863 2022 912 nemo
2043 841 2242 912 aliter
2269 839 2564 938 Romae·

684 968 867 1023 otest
889 951 1159 1022 vivere!
1192 949 1365 1022 Non
1388 973 1524 1050 ego
1549 965 1956 1023 sumtuosus
1979 973 2140 1021 sum
2160 999 2185 1038 ,
2209 949 2336 1022 sed
2359 943 2550 1024 Urbs

624 971 777 1156 ἐκ
806 1081 1091 1160 magnas
1122 1060 1474 1156 impensas
1508 1059 1766 1159 exigit!
1812 1059 1988 1133 Nou
2019 1067 2124 1132 e'st
2159 1083 2412 1133 meum
2437 1060 2550 1134 vi-

884 1170 1097 1265 quod
1132 1171 1512 1278 iracupdus
1532 1196 1728 1260 sum,
1767 1170 1975 1266 quod
2004 1171 2342 1244 nondum
2373 1196 2552 1244 con-

623 1191 1123 1356 stilxtnsscertum
1146 1303 1369 1380 genus
1396 1280 1623 1370 vitae3
1647 1280 2119 1354 adolescentia
2145 1281 2320 1354 haec
2337 1280 2544 1355 facit!

722 1387 933 1498 Quid
960 1409 1095 1460 nos
1123 1386 1574 1512 decipimus?
1605 1413 1760 1462 non
1793 1394 1898 1461 est
1922 1390 2353 1465 extrinsecus
2390 1413 2550 1460 ma-
2592 1381 2599 1398 ’

620 1497 784 1570 lum
816 1511 1183 1584 nostrum3
1224 1493 1405 1568 intra
1447 1519 1582 1568 nos
1633 1513 1738 1568 est
1757 1547 1781 1587 ,
1838 1498 1916 1568 in
1954 1497 2364 1570 visceribus..
2376 1497 2544 1591 ipsi&

622 1605 844 1682 sedet.
858 1605 949 1680 Et
966 1605 1134 1679 ideo
1158 1604 1538 1680 difficulter
1555 1605 1648 1678 ad
1665 1599 2034 1678 sanitatem
2058 1603 2546 1702 pervenimus,

624 1715 799 1812 quia
812 1737 944 1786 nos
960 1721 1320 1814 aegrotare
1342 1719 1714 1787 nescimus.
1737 1712 1813 1788 Si
1825 1715 2056 1788 curari
2070 1717 2546 1811 coeperimus,
2581 1771 2584 1774 -

622 1827 927 1921 quando
946 1841 1061 1898 tot
1094 1826 1387 1899 morbos
1409 1877 1434 1917 ,
1469 1843 1784 1900 tantaeve
1805 1826 2282 1928 aegritudines
2309 1826 2544 1900 discu-

618 1933 935 2008 tiemus?
958 1935 1175 2008 Nunc
1200 1959 1371 2008 vero
1408 1960 1504 2008 ne
1535 1936 1942 2060 quaerimus
1969 1933 2547 2029 quidem'medi-

620 2067 826 2132 cum3
873 2043 1007 2138 qui
1044 2045 1282 2117 minus
1316 2045 1590 2144 negotii
1627 2042 1964 2130 haberet,
2001 2041 2059 2113 si
2079 2040 2548 2132 adhiberetur

524 2193 527 2198 ·
617 2153 716 2226 ad
743 2175 985 2226 recens
1007 2151 1302 2225 vitium.
1323 2168 1792 2248 sequerentur
1811 2150 2044 2239 teneri
2063 2149 2366 2223 etrudes
2387 2155 2544 2224 ani-³

614 2263 721 2349 rui
746 2279 937 2337 recta
962 2277 1502 2336 monstrantem.
1529 2261 1772 2335 Nemo
1805 2251 2185 2334 difficulter
2210 2262 2302 2334 ad
2326 2279 2542 2336 natu·

614 2394 770 2449 ram
801 2371 1217 2465 reducitur,
1256 2373 1391 2445 nisi
1421 2370 1550 2469 qui
1570 2371 1662 2445 ab
1693 2372 1812 2445 illa
1849 2370 2134 2447 defecit.
2165 2371 2540 2449 Erubesci-

614 2506 783 2561 mus
826 2484 1088 2557 discere
1114 2484 1385 2563 bonam
1411 2499 1773 2557 mentem:
1809 2499 1924 2573 at,
1957 2484 2436 2576 mehercules,
2479 2490 2542 2559 si·

612 2610 830 2691 turpe
855 2610 959 2667 est
982 2596 1395 2695 magistrum
1424 2593 1636 2665 huius
1659 2594 2128 2687 rei³quaerere
2141 2622 2162 2685 3
2195 2596 2377 2669 illud
2404 2600 2537 2669 de-

613 2705 1045 2801 sperandum
1078 2720 1224 2795 est„
1256 2726 1460 2803 posse
1495 2704 1708 2777 nobis
1737 2728 1896 2777 casu
1914 2721 2214 2790 santum
2251 2708 2536 2782 bonum

612 2814 964 2889 influere:
1006 2814 1486 2891 laborandum
1521 2816 1662 2889 est!
1700 2816 1830 2908 Et,
1865 2836 1950 2891 ut
1971 2842 2225 2891 verum
2254 2818 2535 2913 dicam,
2607 2838 2616 2845 ·

613 2946 711 3001 ne
735 2926 943 2999 labor
965 2926 1269 3021 quidem
1295 2950 1593 3027 magnus
1621 2944 1724 3001 est
1746 2941 1768 3015 ξ
1815 2929 1870 2999 si
1895 2926 2166 3019 mod03
2210 2948 2311 3003 ut.
2339 2930 2540 3023 dixi,

610 3053 779 3111 ante
800 3040 1123 3113 animum
1152 3056 1482 3112 nostrum
1502 3040 1808 3113 formare
1831 3039 2306 3135 inceperimus
2327 3059 2401 3114 et
2421 3066 2538 3115 re·

612 3146 989 3246 corrigere,
1018 3172 1238 3243 quam
1266 3149 1674 3224 indurescat
1703 3153 2004 3248 pravitas
2023 3154 2198 3223 eius.
2223 3150 2370 3225 Sed
2397 3160 2538 3226 hec

610 3255 1021 3329 induratam
1045 3255 1345 3353 despero
1367 3286 1387 3330 s
1429 3258 1608 3331 nihil
1628 3276 1731 3332 est
1761 3262 1966 3355 quod
1985 3286 2136 3335 non
2164 3278 2538 3362 expugnet

609 3368 942 3463 pertinax
962 3366 1211 3465 opera,
1241 3388 1314 3443 et
1345 3372 1618 3445 intenta
1643 3398 1724 3444 ac
1745 3374 2046 3473 diligens
2069 3400 2250 3457 cura.
2281 3376 2535 3477 Robo-

596 3491 684 3549 'ra
697 3480 781 3551 in
806 3496 1121 3571 rectum,
1160 3482 1487 3573 quamvis
1516 3480 1698 3554 flexa
1724 3534 1748 3573 ,
1776 3486 2174 3572 revocabis3
2212 3504 2533 3560 curvatas

511 3587 519 3597 '
608 3587 843 3660 trabes
867 3590 1057 3663 calor
1089 3590 1436 3684 explicat,
1479 3608 1590 3680 et,
1641 3594 1846 3669 aliter
1883 3612 2129 3689 natae,
2159 3598 2236 3668 in
2265 3596 2348 3668 id
2390 3593 2533 3669 fin·-

608 3712 923 3793 guntnr,
957 3700 1161 3795 quod
1192 3726 1355 3773 usus
1381 3720 1624 3775 noster
1657 3706 1895 3801 exigit.
1933 3706 2234 3811 Quanto
2257 3705 2532 3780 facilius

608 3804 891 3881 animus
920 3811 1181 3907 accipit
1224 3810 1530 3890 formam
1550 3864 1576 3907 ‚
1609 3811 1980 3908 flexibilis,
2025 3832 2100 3889 et
2137 3818 2346 3892 omni
2385 3815 2531 3890 hu·-

1814 4020 1913 4079 J.
