2809 4850
589 388 1399 474 E.PISTOLA
1496 389 1821 467 LXXI.
2016 415 2157 497 235

244 571 357 645 et,
393 555 603 649 quod
628 557 846 655 magis
873 557 1270 629 admireris:
1311 556 1527 630 Unum
1550 553 1809 632 Bonum
1840 571 1972 638 est,
1998 562 2169 658 quod

247 665 582 734 honestum
617 682 716 735 est
731 689 760 737 .-
804 681 1031 736 cetera
1073 663 1241 736 falsa
1276 682 1348 736 et
1389 665 1707 738 adultera
1742 667 1947 738 bona·
1974 686 2162 744 sunt.

241 771 414 844 Hoc
447 773 501 842 si
531 772 939 866 persuaseris
980 771 1118 842 tibi
1141 824 1165 860 ,
1209 790 1282 846 et
1319 774 1661 846 virtutem
1688 774 2155 862 adamaveris,-

243 877 530 978 (amare
559 880 751 950 enim
781 882 1255 974 parumestz)
1295 879 1657 975 quidquid
1698 883 1815 952 illa
1838 883 2161 980 contige-

241 987 337 1061 rit
352 989 475 1077 ,id
497 990 628 1061 tibi
642 1042 664 1076 ,
695 993 1228 1086 qualecumque
1255 992 1400 1062 aliis
1422 992 1823 1082 videbitur,
1849 992 2161 1065 faustum

243 1097 568 1192 felixque
603 1100 772 1187 erit3
821 1118 892 1174 et
931 1103 1291 1194 torqueri,
1335 1091 1389 1174 si
1420 1101 1649 1174 modo
1673 1103 1956 1176 iacueris
2002 1105 2155 1199 ipso

246 1223 638 1302 torquente
666 1211 1006 1296 securior3
1057 1227 1130 1281 et
1167 1229 1561 1308 aegrotare,
1600 1213 1835 1283 sinon
1863 1213 2162 1284 maledi-

242 1320 434 1391 xeris·
451 1320 776 1393 fortunae
800 1372 823 1409 ,
853 1321 906 1390 si
939 1344 1090 1392 non
1113 1321 1386 1392 cesseris
1409 1323 1689 1392 morbo.
1736 1321 2011 1392 Omnia
2032 1321 2163 1392 de·-

243 1429 512 1524 ni'que,
561 1455 745 1523 quae
789 1429 1032 1501 ceteris
1071 1427 1406 1500 videntur
1452 1429 1679 1517 mala,
1727 1447 1799 1500 et
1836 1453 2165 1506 mansue-

241 1555 480 1623 scent,
509 1554 584 1608 et
621 1539 696 1609 in
721 1538 1002 1609 bonum
1025 1537 1362 1624 abibunt,
1387 1540 1441 1607 si
1464 1562 1677 1631 super
1699 1540 1815 1609 illa
1841 1539 2157 1636 eminue-

240 1647 352 1718 ris.
381 1647 544 1717 Hoc
570 1649 860 1741 liqueat,
887 1647 1064 1716 nihil
1085 1671 1230 1718 esse
1249 1647 1556 1734 bonurn,
1578 1649 1709 1719 nisi
1726 1650 2151 1734 honestum3

243 1771 318 1840 et
342 1757 586 1828 omnia
612 1758 1078 1828 incommoda
1091 1781 1227 1826 suo
1255 1758 1406 1828 iure
1430 1758 1620 1828 bona
1641 1759 2103 1831 vocabuntur
2124 1807 2151 1844 ‚

243 1887 432 1955 quae
472 1863 698 1934 modo
743 1864 962 1938 virtus
997 1864 1489 1936 honestaverit.
1536 1864 1785 1935 Multis
1824 1865 2159 1936 videmur

243 1973 511 2044 maiora
531 1970 994 2065 promittere,
1029 1997 1250 2066 quarn
1279 1972 1533 2066 recipit
1564 1973 1875 2044 humana
1900 1973 2159 2080 confli-

237 2084 368 2155 tio.
407 2084 575 2154 Non
625 2085 998 2156 inmerito:
1053 2083 1146 2154 ad
1192 2107 1451 2177 corpus
1495 2084 1689 2156 enim
1738 2085 2148 2178 respiciunt.

237 2195 714 2270 Revertantur
734 2197 827 2269 ad
847 2197 1200 2272 animum!
1242 2196 1384 2270 iam
1411 2195 1783 2272 hominem
1808 2195 1969 2268 Deo
1994 2219 2151 2266 me-

239 2309 529 2382 tientur.
1444 2325 1449 2332 '

337 2418 539 2518 Erige
563 2436 636 2493 te
656 2473 681 2510 ,
706 2417 984 2511 Lucili,
1029 2419 1349 2492 virorum
1375 2415 1652 2513 optime
1671 2468 1693 2503 ‚
1723 2430 1797 2487 et
1822 2413 2157 2508 relinque

237 2528 457 2601 istum
485 2531 747 2601 ludum
777 2530 1160 2602 literarium
1187 2528 1820 2623 philosophorum,
1848 2525 1979 2619 qui
2001 2548 2158 2595 rem

177 2661 182 2674 ¹
237 2636 996 2734 magnificentissimam
1031 2639 1126 2712 ad
1164 2638 1459 2732 syllabas
1490 2650 1790 2721 vocant3
1836 2634 1967 2727 qui
2006 2633 2160 2703 ani-

240 2768 451 2815 mum
491 2745 769 2815 minuta
793 2745 1136 2817 docendo
1178 2746 1575 2817 demittunt
1607 2760 1685 2815 et
1726 2758 2152 2815 conterunt=

239 2856 360 2927 fies
385 2853 625 2926 similis
647 2854 818 2943 illis,
850 2855 983 2947 qui
1013 2856 1445 2925 invenerunt
1482 2854 1607 2923 ista
1632 2902 1652 2938 ,
1691 2876 1845 2921 non
1870 2852 1999 2942 qui
2028 2850 2155 2922 do-

239 2981 408 3037 cent
427 3015 449 3052 ,
490 2982 562 3036 et
583 2962 662 3034 id
677 2978 936 3061 agunt,
961 2981 1045 3034 ut
1067 2961 1519 3053 Philosophia
1548 2959 1785 3053 potius
1812 2958 2107 3029 difficilis
2126 3006 2153 3043 ,

241 3098 464 3165 quam
491 3096 772 3170 magna,
797 3070 1138 3147 videatur.
1189 3066 1238 3137 S
1259 3088 1309 3138 o
1333 3088 1376 3137 c
1405 3080 1524 3137 ΚΑ
1548 3086 1595 3141 Τ
1612 3086 1657 3137 Ε
1676 3084 1747 3154 S,
1774 3067 1903 3160 qui
1931 3084 2157 3136 totam
2224 3114 2231 3121 -

237 3184 770 3278 Philosophiam
805 3182 1166 3263 revocavit
1212 3179 1303 3251 ad
1349 3203 1581 3250 mores
1606 3230 1628 3265 ,
1646 3224 1653 3229 -
1672 3195 1745 3248 et
1786 3178 1953 3263 lianc
1984 3202 2157 3249 sum·

239 3320 413 3367 mam
448 3292 634 3365 dixit
659 3318 800 3365 esse
821 3294 1244 3391 sapientiam,
1283 3289 1443 3361 bo'na
1463 3288 1761 3384 malaque
1790 3288 2155 3379 distingue·-

238 3430 350 3477 re:
382 3406 690 3503 Sequere.
715 3404 989 3497 inquit,
1021 3405 1210 3478 illos.
1243 3406 1305 3472 si
1329 3400 1682 3499 quid-apud
1710 3417 1771 3469 te
1809 3398 2000 3469 habeo
2040 3420 2156 3465 au-

241 3519 568 3587 ctoritatis
589 3568 614 3591 .
663 3534 740 3586 ut
775 3518 864 3585 sis
909 3516 1174 3587 beatus.-
1217 3530 1294 3584 et·
1321 3531 1384 3585 te
1410 3514 1609 3583 alicui
1639 3510 1912 3581 stultum
1954 3507 2161 3581 videri

245 3626 403 3697 sine.
431 3624 778 3727 Quisquis
802 3626 1025 3709 volet,
1047 3622 1182 3693 tibi
1203 3620 1713 3693 contumeliam
1738 3617 1941 3687 faciat
1956 3634 2029 3687 et
2052 3615 2161 3685 in·-¹

237 3732 531 3805 iuriam:
579 3749 663 3807 tu
697 3750 941 3815 tamen
986 3732 1164 3802 nihil
1198 3730 1520 3825 patieris,
1566 3728 1877 3800 simodo
1912 3744 2154 3799 tecum

241 3844 380 3915 erit
413 3842 676 3917 Virtus.
727 3844 804 3913 Si
827 3833 966 3929 νίς,
994 3840 1276 3935 inquit,
1316 3840 1536 3913 beatus
1562 3862 1732 3915 erse,
1756 3838 1961 3935 sifide
1994 3838 2157 3909 bona
