2809 4850
402 333 1302 438 ⁴'E'P1s‘roLA
1380 351 1844 438 xxxin.
1999 389 2135 462 107

321 526 569 633 Quare
596 524 889 620 depone
908 523 1107 595 istam
1136 549 1331 620 spem
1359 576 1380 612 ,
1406 550 1608 620 posse
1633 541 1708 598 te
1723 529 2136 602 summatim

205 633 593 731 degustare
624 633 904 732 ingenia
929 633 1414 706 maximorum
1443 635 1796 706 virorum:
1825 653 1975 707 tota
2001 637 2138 707 tibi

195 744 661 839 inspicienda·
683 759 887 831 sunt,
922 758 1075 813 tota
1114 743 1497 815 tractanda.
1546 743 1678 815 Res
1707 747 2017 842 geritur,
2063 763 2141 817 et

198 877 337 946 per
359 853 797 925 lineamenta
825 873 946 922 sua
977 850 1243 947 ingenii
1278 875 1460 946 opus
1490 852 1834 940 nectitur,
1865 877 1956 924 ex
1981 877 2141 946 quo

202 959 396 1032 nihil
436 961 745 1033 subduci
786 961 938 1030 sine
966 961 1171 1030 ruina
1191 976 1447 1054 potest.
1489 961 1648 1032 Nec
1673 985 1955 1050 recusa,
1985 988 2140 1056 quo

208 1059 453 1141 minus
476 1070 749 1165 singula
775 1068 1101 1140 membra
1115 1121 1141 1157 ,
1172 1067 1581 1140 dummodo
1611 1069 1686 1140 in
1715 1070 1868 1164 ipso
1903 1069 2145 1142 homi-

212 1203 349 1266 ne,
376 1177 793 1249 consideres.
836 1179 1007 1250 Non
1034 1193 1136 1248 est
1174 1175 1515 1262 formosa,
1567 1179 1768 1248 cuius
1795 1201 1952 1250 crus
1987 1180 2142 1248 lau-

214 1287 432 1356 datur
456 1303 583 1356 aut
629 1285 1043 1376 brachium5
1078 1283 1202 1356 sed
1246 1286 1405 1372 illa,
1445 1283 1644 1356 cuius
1689 1286 2009 1356 universa
2043 1283 2143 1354 fa-

212 1395 353 1464 cies
384 1393 933 1465 admirationem
982 1393 1303 1488 partibus
1348 1391 1638 1490 singulis
1683 1393 1990 1464 abstulit.
2065 1389 2144 1460 Si

210 1521 458 1576 tamen
492 1506 833 1602 exegeris3
882 1529 1033 1578 non
1076 1522 1222 1578 tam
1247 1503 1577 1576 mendice
1605 1520 1850 1578 tecum
1892 1525 2147 1600 agam,

210 1615 342 1684 sed
364 1616 581 1708 plena
605 1637 825 1684 manu
850 1615 993 1686 fiet.
1026 1613 1277 1712 Ingens
1302 1639 1558 1685 eorum
1585 1612 1796 1686 turba
1819 1627 1960 1700 est,
1985 1635 2148 1706 pas-

214 1725 355 1812 sim
398 1725 815 1812 iacentium3
858 1727 1210 1812 sumenda
1239 1739 1493 1811 erunt,
1537 1747 1690 1794 non
1717 1719 2144 1820 colligenda.

218 1833 403 1904 Non
433 1835 625 1904 enim
658 1836 1043 1926 excidunt,
1079 1835 1201 1906 sed
1232 1832 1517 1904 fluunt:
1558 1851 1910 1956 perpetua
1935 1850 2009 1904 et
2038 1832 2149 1904 in·

218 1933 335 2015 tei·
368 1969 441 2016 se
470 1967 801 2017 connexa
826 1961 1013 2018 sunt.
1074 1945 1229 2016 Nec
1275 1943 1573 2031 dubito,
1602 1943 1785 2036 quin
1825 1945 2148 2013 multum

218 2053 603 2128 conferant
637 2055 942 2125 rudibus
978 2054 1257 2142 adhuc,
1295 2073 1371 2124 et
1400 2052 1836 2124 extrinsecus
1873 2050 2150 2121 auscul-

216 2161 567 2246 tantibus.
614 2165 908 2238 Facilius·
935 2167 1127 2238 enim
1168 2166 1440 2262 singula
1478 2161 1798 2234 insidunt
1837 2162 2146 2232 circum-

218 2277 517 2370 scripta,
558 2293 632 2349 et
656 2278 978 2350 carminis
1012 2277 1238 2348 modo
1269 2275 1559 2346 inclusa.
1599 2273 1775 2344 Ideo
1799 2270 2034 2366 pueris
2073 2281 2147 2342 et

220 2388 604 2459 sententias
642 2386 1051 2460 ediscendas
1102 2385 1395 2474 damus,
1429 2400 1504 2457 et
1539 2383 1656 2454 has
1693 2405 1866 2477 quas
1897 2379 2149 2453 Graeci

227 2498 451 2569 chrias
502 2514 771 2570 vocant
793 2550 816 2586 ,
854 2497 1022 2589 quia
1063 2496 1450 2591 complecti
1497 2495 1642 2563 illas
1668 2490 1957 2585 puerilis
1997 2490 2152 2561 ani-

221 2632 389 2679 mus
415 2622 660 2701 potest
677 2658 699 2693 ,
721 2606 848 2700 qui
874 2608 1035 2701 plus
1064 2605 1299 2677 adhuc
1318 2628 1472 2675 non
1499 2602 1686 2695 capit
1709 2598 1879 2671 certi
1904 2597 2146 2692 profe-

226 2735 400 2790 ctus.
444 2717 627 2789 Viro
660 2732 938 2811 captare
983 2710 1315 2785 flosculos
1355 2730 1566 2804 turpe
1597 2726 1742 2796 est,
1793 2724 1866 2779 et
1899 2705 2150 2775 fulcire

232 2853 302 2899 se
336 2828 723 2900 notissimis
749 2852 830 2900 ac
872 2826 1302 2921 paucissimis
1336 2823 1671 2908 vocibus,
1708 2836 1783 2890 et
1807 2818 2151 2889 memoria

228 2952 431 3008 stara
482 2933 639 3007 Sibi
667 2936 810 3006 iam
838 2937 1219 3006 innitatur:
1274 2933 1460 3001 dicat
1491 2932 1614 2999 ista
1639 2979 1667 3015 ,¹
1699 2950 1852 2997 non
1893 2942 2150 2996 teneat.

146 3080 150 3082 ·
231 3046 485 3141 Turpe
507 3062 609 3122 est
634 3046 827 3116 enim
854 3047 1037 3129 seni,
1060 3059 1187 3114 aut
1198 3038 1660 3136 prospicienti
1681 3050 2153 3119 senectutem,

235 3180 325 3229 ex
367 3157 893 3230 commentario
946 3143 1207 3249 sapere.
1268 3152 1430 3223 Hoc
1475 3148 1732 3221 Zenon
1782 3144 2008 3217 dixit:
2065 3159 2152 3211 tu
2225 3239 2234 3253 ·

234 3254 475 3360 quid?
514 3266 680 3339 Hoc
718 3262 1127 3336 Cleanthes:
1184 3281 1267 3333 tu
1314 3256 1544 3352 quid?
1593 3275 1980 3348 quousque
2017 3249 2155 3324 sub

232 3377 375 3447 alio
406 3375 771 3447 moveris?
810 3392 881 3444 et
903 3373 1208 3466 impera,
1244 3390 1317 3443 et
1344 3369 1498 3455 dic,
1533 3366 1742 3459 quod
1771 3362 2157 3435 memoriae

237 3484 587 3570 tradatur,
570 3510 585 3525 ·
612 3481 890 3575 aliquid
916 3497 989 3551 et
1022 3479 1115 3549 de
1137 3496 1272 3549 tuo
1299 3475 1574 3571 profer!
1614 3472 1892 3543 Omnes
1911 3471 2158 3561 itaque

234 3593 401 3663 istos
420 3644 443 3680 ‚
498 3614 906 3683 numquam
960 3602 1319 3672 auctorest,
1375 3606 1657 3675 semper
1700 3581 2158 3671 interpreteS‚

236 3702 379 3773 sub
406 3702 635 3772 aliena
664 3697 924 3769 umbra
960 3698 1297 3781 latentes,
1334 3691 1514 3763 nihil
1541 3689 1870 3760 existimo
1897 3684 2159 3758 habere
2187 3756 2192 3763 ,

102 3804 107 3817 ’
220 3811 590 3911 generosi,
618 3828 1023 3901 numquam
1040 3812 1241 3875 ausos
1266 3798 1661 3893 aliquando
1679 3795 1938 3883 facere,
1953 3790 2158 3887 quod
