2809 4850
590 352 596 359 ’
700 375 806 478 78
861 421 892 466 .
1079 369 1163 446 1..
1212 337 1677 497 mmm
1722 363 2287 444 SENECAE·
2348 475 2357 482 .

698 555 783 612 to
807 533 1250 638 deducatur
1225 556 1308 606 sn
1333 549 1597 605 tutum.
1635 531 1967 624 Inpressit
1994 528 2261 604 deinde
2293 527 2631 602 mortife-

697 671 863 721 rum
917 644 1198 769 corpori
1247 644 1528 715 vulnus.
1604 644 1783 748 Quo
1836 641 2157 739 obligato
2192 665 2237 710 a
2274 638 2629 728 medicis,

699 781 934 850 quum
975 755 1216 826 minus
1243 751 1602 876 sanguinis.
1634 751 1968 846 haberet,
2016 749 2253 824 minus
2296 748 2577 821 virium
2600 799 2627 834 ,

575 909 588 922 ·
699 863 924 941 mimi
953 863 1201 949 idem3
1245 861 1388 934 iam
1428 875 1583 932 non
1630 878 1912 934 tantum
1952 859 2272 946 Caesari,
2308 858 2444 929 sed
2484 855 2623 928 sibi

700 979 918 1050 iratus
935 1029 956 1065 ,
981 973 1208 1047 nudas
1231 975 1308 1044 in
1331 974 1597 1044 vulnus
1618 973 1871 1044 mainus
1898 973 2070 1070 egit,
2094 987 2169 1042 et
2186 993 2623 1068 generosum

697 1086 912 1158 illum
929 1098 1606 1177 contemtoremque
1628 1082 1861 1155 omnis
1883 1081 2253 1177 potentiae
2262 1078 2619 1175 spiritum

698 1219 856 1282 non
884 1194 1157 1282 emisit,
1185 1193 1308 1265 sed
1331 1191 1556 1266 eiecit.

796 1315 973 1388 Non
1015 1315 1092 1386 in
1132 1305 1272 1389 hoc
1312 1314 1639 1408 exempla
1674 1337 1877 1397 nunc
1904 1335 2213 1412 congero
2234 1361 2260 1401 ,
2292 1327 2377 1383 ut
2408 1313 2624 1409 inge-2

699 1425 908 1498 nium
930 1441 1335 1510 exerceam3
1370 1423 1496 1502 sed
1518 1441 1600 1494 ut
1628 1440 1701 1495 te
1730 1422 2052 1493 adversus
2075 1423 2153 1494 id
2172 1473 2193 1509 ,
2224 1421 2437 1516 quod
2466 1445 2617 1491 ma-

698 1535 898 1606 xime
941 1534 1254 1605 terribile
1295 1533 1613 1620 videtur,
1646 1533 1996 1604 exhorter.
2036 1531 2333 1602 Facilius
2364 1547 2616 1602 autem

699 1643 1135 1719 exhortabor
1152 1694 1178 1731 ,
1211 1643 1268 1714 si
1294 1642 1673 1714 ostendero
1696 1694 1721 1731 ,
1760 1665 1913 1714 non
1954 1642 2169 1715 fortes
2192 1657 2485 1712 tantum
2510 1640 2615 1711 vi-

697 1777 814 1826 ros
837 1755 978 1825 hoc
1003 1765 1463 1824 momentum
1500 1751 1841 1848 efflandae
1878 1752 2154 1824 animae
2196 1750 2615 1823 contemsis-

696 1887 808 1950 se3
857 1863 981 1934 sed
1007 1860 1396 1955 quosdam,
1440 1861 1533 1933 ad
1571 1862 1703 1934 alia
1746 1862 2035 1961 ignavos
2057 1912 2080 1950 ,
2128 1861 2205 1932 in
2241 1861 2481 1932 haere
2502 1883 2613 1930 ae-

699 1986 950 2065 quasse
970 1973 1314 2046 'animum
1357 1968 1901 2042 fortissimorum
1924 1977 1940 2039 ἐ
1990 1969 2173 2041 sicut
2216 1969 2422 2042 illum
2484 1968 2611 2066 Cn.

691 2079 1024 2174 Pompeii
1048 2104 1371 2152 socerum
1418 2077 1861 2172 Scipionem,
1912 2075 2085 2169 qui,
2134 2078 2495 2148 contrario
2539 2077 2609 2148 in

695 2186 1012 2259 Africam
1035 2207 1257 2258 vento
1285 2187 1538 2256 relatus
1560 2237 1583 2272 ,
1612 2182 1845 2276 quum
1872 2183 2098 2254 teneri
2120 2172 2380 2254 navem
2404 2207 2607 2254 suam

696 2295 986 2368 vidisset
1011 2293 1108 2366 ab
1133 2293 1455 2366 hostibus
1473 2345 1497 2382 ,
1541 2293 1727 2364 ferro
1768 2319 1839 2370 se
1866 2291 2457 2364 transverberavit
2475 2342 2498 2380 ,
2538 2311 2611 2363 et

696 2403 1205 2498 quaerentibus
1228 2403 1355 2475 ubi
1381 2403 1766 2498 imperator
1790 2417 2004 2474 esset:
2033 2400 2427 2495 Imperator
2448 2452 2474 2487 ,
2505 2395 2610 2469 in-

699 2515 889 2609 quit,
914 2539 986 2587 se
1002 2516 1190 2585 bene
1207 2512 1461 2585 habet!
1492 2512 1665 2586 Vox
1688 2514 1858 2583 haec
1878 2512 2087 2583 illum
2116 2536 2355 2610 parem
2381 2510 2611 2581 maio-

693 2617 889 2696 ribus
914 2622 1125 2711 fecit,
1161 2640 1234 2693 et
1261 2620 1549 2704 fatalem
1584 2618 2039 2716 Scipionibus
2064 2620 2141 2692 in
2179 2618 2416 2692 Africa
2448 2620 2615 2724 glo·-

693 2731 870 2801 riam
893 2752 1046 2802 non
1073 2746 1174 2801 est
1199 2729 1626 2823 interrumpi
1645 2752 1853 2823 passa.
1888 2728 2213 2802 Multum
2238 2730 2421 2814 fuit,
2452 2726 2611 2798 Car·
2692 2767 2695 2771 ι

695 2838 1055 2945 thaginem
1091 2840 1413 2914 vincere·
1393 2890 1415 2924 ‚
1457 2838 1581 2911 sed
1603 2839 1952 2931 ampliuS,
1988 2857 2321 2914 mortem.
2367 2838 2610 2933 Impe-

691 2964 922 3037 rator,
953 2948 1236 3042 inquit,
1271 2974 1344 3021 se
1383 2945 1575 3023 bene
1614 2948 1869 3027 habet!
1913 2945 2031 3019 An
2061 2949 2260 3020 aliter
2294 2946 2609 3019 debebat

691 3054 1115 3149 imperator,
1143 3073 1216 3128 et
1233 3056 1539 3150 quidem
1570 3054 1861 3129 Catonis
1880 3104 1903 3143 ,
1932 3056 2173 3127 mori?
2202 3056 2373 3127 Non
2396 3080 2606 3129 revo-

689 3189 781 3239 co
807 3181 879 3238 te
900 3166 992 3237 ad
1017 3165 1353 3256 historias,
1379 3190 1513 3237 nec
1528 3188 1619 3237 ex
1642 3164 1982 3237 omnibus
2004 3167 2257 3237 seculis
2284 3182 2609 3237 coutem-

653 3310 658 3315 >
689 3290 876 3345 tores
907 3276 1154 3347 mortis
1175 3327 1201 3361 ,
1219 3276 1372 3368 qui
1395 3292 1562 3345 sunt
1590 3274 1927 3368 plurimi,
1960 3278 2303 3375 conlego.
2314 3276 2604 3382 respice

686 3381 786 3453 ad
814 3380 984 3451 haec
1006 3398 1242 3451 nostra
1263 3398 1639 3475 tempora,
1678 3380 1774 3452 de
1808 3404 2125 3473 quorum
2156 3386 2503 3483 languore
2524 3403 2604 3454 ac

691 3486 962 3559 deliciis
983 3484 1390 3580 querimur!
1428 3487 1659 3560 omnis
1682 3486 1945 3561 ordinis
1972 3490 2301 3563 homines
2324 3506 2605 3564 succur-

687 3613 888 3685 rent,
930 3595 1162 3669 omnis
1201 3594 1579 3687 fortunae,
1634 3599 1867 3669 omnis
1907 3600 2187 3689 aetatis,
2238 3602 2369 3694 qui
2416 3600 2601 3671 mala

687 3726 810 3787 sus
840 3721 1078 3781 morte
1111 3707 1633 3801 praeciderunt.
1662 3710 1844 3783 Mihi
1869 3711 2085 3783 crede
2105 3761 2129 3799 ,
2166 3711 2437 3801 Lucili,
2470 3708 2602 3786 ad.-

688 3835 780 3885 eo
803 3836 996 3891 mors
1016 3816 1342 3893 timenda
1362 3843 1517 3897 non
1552 3822 1691 3913 est,
1737 3836 1825 3894 ut
1855 3816 2209 3899 beneficio
2246 3822 2397 3908 eius
2418 3818 2603 3895 nihil
