2809 4850
637 312 672 348 ἱ

653 397 790 458 202
1037 371 1613 502 LlANNAEI‘
1657 363 2193 446 SENECAE

650 553 846 610 tanta
865 533 1207 608 fundatur
1223 535 1256 604 Ρ
1277 534 1453 632 ignis
1470 532 1594 620 sit,
1622 555 1715 602 an
1740 525 2019 622 aliquid
2038 528 2201 628 igne
2215 525 2597 598 lucidius?

649 649 1114 746 Ego'ista'non
1132 644 1515 738 quaeram?
1544 667 1677 740 ego
1692 642 1997 714 nescia-m
2012 693 2035 730 ‚
2058 639 2259 712 unde
2278 639 2599 710 descen-

643 757 880 856 derim
901 759 936 829 ἓ
965 759 1185 828 semel
1225 756 1396 826 haec
1438 754 1615 826 mihi
1654 753 1967 826 videnda
2008 753 2189 840 sint,
2224 777 2318 823 an
2358 775 2593 844 saepe

653 866 1222 966 [nascendum]?
1261 889 1415 958 quo
1451 865 1619 936 hinc
1657 865 1885 936 iturus
1920 864 2050 936 sim
2073 865 2107 932 Ξ)
2141 887 2329 956 quae
2366 862 2597 932 sedes

651 991 1068 1074 exspectent
1119 977 1429 1048 animam
1448 1025 1473 1062 ,
1536 978 1845 1046 solutam
1880 975 2167 1072 legibus
2218 973 2597 1046 servitutis
2635 1052 2653 1067 Ν

649 1089 1054 1162 humanae?
1081 1087 1298 1160 Vetas
1325 1113 1443 1158 me
1468 1089 1673 1158 coelo
1700 1088 2060 1174 interesse,
2084 1086 2165 1156 id
2194 1101 2297 1156 est
2313 1137 2335 1170 ,
2364 1084 2593 1154 iubes
2712 1135 2724 1148 .

651 1221 774 1268 me
793 1199 1028 1268 vivere
1049 1195 1276 1290 capite
1299 1195 1651 1266 demisso?
1676 1194 1902 1265 Maior
1924 1219 2121 1283 sum,
2138 1211 2209 1266 et
2224 1195 2323 1264 ad
2348 1193 2593 1264 maio·
2654 1273 2663 1280 ,

651 1333 726 1379 ra
753 1308 1069 1404 genitus,
1119 1331 1339 1400 quarn
1380 1325 1464 1376 ut
1499 1305 1940 1400 mancipium
1971 1306 2100 1377 sim
2138 1308 2279 1377 mei
2308 1328 2593 1398 corpo-

649 1421 740 1492 ris
756 1446 774 1504 ;
801 1419 1002 1511 quod
1027 1419 1371 1512 equidem
1399 1419 1774 1490 non'aliter
1798 1416 2107 1510 adspicio
2124 1469 2144 1504 ‚
2168 1439 2389 1509 quam
2420 1415 2590 1484 vin·
2636 1489 2645 1496 q

651 1531 902 1624 culum
929 1527 1226 1620 aliquod
1257 1528 1567 1597 libertati
1596 1543 1797 1598 meae
1823 1523 2365 1622 circumdaturm
2408 1523 2591 1592 Hoc

534 1680 544 1690 s
651 1636 900 1729 itaque
925 1659 1224 1729 oppono
1251 1635 1581 1706 fortunae
1601 1687 1622 1722 ,
1656 1635 1731 1706 in
1760 1660 1911 1728 quo
1936 1634 2242 1721 resistat3
2282 1657 2419 1708 nec
2444 1655 2589 1726 pet

601 1781 607 1790 ·
653 1745 836 1816 illud
877 1745 970 1816 ad
1019 1770 1140 1815 me
1189 1747 1421 1816 ullum
1470 1747 1756 1817 transire
1795 1749 2057 1818 vulnus
2106 1748 2279 1819 sino.
2326 1745 2591 1852 Quid·-

634 1855 840 1948 ,quid
875 1854 1095 1944 inme
1121 1868 1367 1950 potest
1389 1857 1715 1930 iniuriam
1756 1859 1945 1952 pati,
1987 1858 2125 1928 hoc
2152 1873 2286 1928 est:
2332 1857 2411 1926 in
2439 1856 2589 1926 hoc

657 1963 983 2034 obnoxio
1037 1961 1411 2036 domicilio
1452 1964 1729 2038 animus
1766 1965 1947 2035 liber
1993 1963 2284 2037 habitat.
2336 1962 2589 2033 Num-

657 2095 880 2164 quam
920 2095 1040 2143 me
1081 2095 1244 2144 caro
1289 2074 1416 2144 ista
1454 2077 1818 2168 conpellet
1856 2075 1947 2146 ad
1992 2062 2316 2164 metum‚‘
2348 2099 2585 2144 num-

659 2205 882 2273 quam
932 2183 1028 2252 ad
1075 2183 1443 2282 indignam
1489 2186 1691 2258 bono
1736 2185 2303 2280 simulationem=
2352 2209 2589 2266 num-,-

660 2312 882 2380 quam
941 2289 1018 2357 in
1071 2290 1425 2360 honorem
1486 2292 1699 2362 huius
1764 2291 2168 2385 corpusculi
2238 2292 2581 2362 mentiar.

651 2399 918 2505 Quum
940 2399 1170 2471 visum
1194 2401 1350 2491 erit,
1377 2402 1757 2495 distraham
1778 2428 1946 2477 cum
1968 2404 2096 2475 illo
2120 2403 2535 2501 societatem
2554 2430 2575 2471 ε

657 2524 730 2577 et
759 2531 955 2579 nunc
987 2524 1227 2583 tamen
1255 2561 1278 2599 ,
1322 2508 1503 2582 dum
1524 2512 1933 2599 haeremus,
1982 2534 2135 2583 non
2164 2511 2425 2589 erimus
2456 2532 2586 2582 ae·-

659 2616 816 2705 quis
839 2616 1155 2709 partibus
1180 2621 1387 2706 socii3
1430 2621 1709 2695 animus
1724 2622 1825 2711 ad
1847 2648 1919 2724 qe
1948 2644 2167 2695 omne
2202 2622 2315 2692 ius
2332 2620 2585 2693 ducet-

657 2725 1088 2833 Contemtus
1113 2730 1431 2823 corporis
1454 2731 1599 2819 sui,
1632 2748 1819 2803 certa
1842 2731 2123 2802 libertas
2150 2746 2273 2803 est.

756 2837 852 2911 Ut
873 2840 964 2913 ad
991 2841 1441 2936 propositum
1470 2858 1809 2913 revertat:
1857 2843 2027 2914 huic
2048 2843 2358 2915 libertati
2379 2842 2583 2913 mul-

657 2962 820 3019 turn
845 2948 1124 3023 confert
1149 2964 1223 3021 et
1251 2949 1368 3019 illa
1391 2998 1415 3035 ,
1460 2949 1553 3019 de
1590 2974 1735 3043 qua
1770 2950 1993 3022 modo
2039 2944 2577 3045 loquebamur,

659 3058 1022 3155 inspectio·
1057 3060 1346 3152 Nempe
1389 3060 1713 3131 universa
1746 3084 1836 3149 ex
1862 3060 2151 3134 materia
2183 3074 2257 3133 et
2296 3084 2390 3131 ex
2412 3058 2581 3129 Deo

659 3188 1026 3243 constant:
1069 3170 1266 3241 Deus
1309 3170 1437 3241 ista
1468 3164 1873 3264 temperat,
1927 3194 2113 3264 quae
2152 3171 2583 3243 circumfusa

624 3350 628 3356 .
660 3298 1009 3381 rectorem
1048 3296 1454 3375 sequuntur
1488 3296 1563 3351 et
1592 3280 1877 3365 ducem.
1922 3280 2297 3353 Potentius
2328 3298 2581 3375 autem

662 3406 766 3461 est
813 3414 893 3461 ac
943 3390 1355 3485 pretiosum,
1411 3390 1619 3483 quod
1670 3390 1876 3478 facit,
1924 3394 2131 3483 quod
2178 3410 2281 3465 est
2333 3391 2577 3480 Deus,

664 3524 884 3591 quam
909 3500 1200 3572 materia
1218 3551 1240 3586 ‚
1265 3500 1531 3594 patiens
1555 3500 1708 3571 Dei.
1746 3502 1989 3605 Quem
2017 3502 2095 3573 in
2122 3504 2263 3575 hoc
2284 3502 2581 3595 mundo

659 3610 910 3679 locum
953 3610 1150 3683 Deus
1191 3608 1515 3697 obtinet,
1558 3609 1753 3680 hunc
1793 3610 1865 3679 in
1914 3610 2211 3681 homine
2248 3609 2577 3681 animust

665 3718 868 3809 quod
895 3721 1160 3789 estillic
1187 3718 1477 3790 materia
1500 3768 1521 3806 ‚
1554 3718 1628 3789 id
1654 3722 1729 3789 in
1756 3719 1963 3789 nobis
1986 3742 2241 3813 corpus
2268 3736 2389 3790 est.
2416 3716 2581 3791 Ser-

669 3827 866 3901 viant
889 3856 1053 3932 ergo
1079 3833 1424 3906 deteriora
1454 3833 1908 3919 melioribu53
1956 3833 2173 3906 fortes
2194 3832 2411 3906 simus
2446 3830 2583 3904 ad-
