2809 4850
646 349 1466 450 EPIS‘ToLA
1561 376 1711 452 ιχ
1972 397 2142 484 ,ις

205 529 462 606 artifex
483 582 510 622 ,
554 533 940 607 substituet
971 531 1192 606 alium
1217 533 1294 606 in
1321 537 1569 609 locum
1593 537 1840 610 amissi.
1888 535 2137 644 Quae-

201 640 330 726 ris,
365 641 761 734 quomodo
788 642 1099 714 amicum
1133 643 1278 714 cito
1317 643 1625 717 facturus
1663 646 1799 718 sit?
1847 646 2131 733 dicam3

199 749 254 818 si
283 749 478 820 illud
497 750 678 820 mihi
695 765 940 822 tecum
963 751 1392 824 convenerit
1409 805 1431 841 ,
1467 769 1551 824 ut
1574 754 1809 826 statim
1833 753 1969 824 tibi
1989 755 2137 826 sol-

201 885 367 931 vam
399 862 614 956 quod
652 861 932 950 debeo,
984 879 1090 950 et,
1122 881 1484 957 quantum
1526 865 1621 938 ad
1651 867 1835 940 hanc
1870 865 2139 962 episto·

197 971 346 1038 lam
371 1021 396 1056 ,
447 970 644 1064 paria
695 969 1050 1043 faciamus.
1095 971 1170 1042 H
1190 991 1236 1042 Ε
1263 993 1306 1043 c
1329 993 1380 1044 Α
1404 991 1524 1044 'ro
1552 993 1595 1046 u
1648 973 1781 1046 ait:
1838 973 1978 1070 Ego
2021 975 2139 1046 eibi

200 1080 578 1149 monstrabo
613 1075 1001 1150 amatorium
1034 1081 1172 1152 sine
1197 1081 1694 1158 medicamento,
1729 1086 1869 1155 sine
1896 1081 2091 1154 herba
2110 1133 2141 1158 0

199 1191 342 1258 sine
363 1189 572 1260 ullius
591 1191 913 1288 veneficae
941 1193 1244 1260 carmine.
1266 1189 1344 1262 Si
1364 1193 1465 1262 vis
1486 1195 1700 1264 aman·
1711 1245 1737 1269 ,
1764 1218 1913 1266 ama
1934 1193 1963 1261 !
1987 1191 2139 1262 Ha-

201 1296 333 1368 bet
367 1313 616 1369 autem
644 1320 799 1368 non
831 1313 1115 1370 tantum
1148 1297 1498 1370 amicitiae
1536 1322 1741 1388 usus,
1776 1300 2031 1374 veteris
2062 1311 2140 1371 et

204 1423 438 1480 cettae
458 1459 481 1494 ,
527 1431 862 1504 magnam
902 1409 1350 1502 voluptatem
1371 1459 1394 1493 ,
1431 1408 1555 1480 sed
1588 1412 1803 1482 etiam
1846 1408 2138 1481 initium

201 1535 278 1592 et
299 1517 748 1611 comparatio
773 1539 1023 1589 novae.
1051 1516 1284 1620 Quod
1317 1519 1605 1590 intereat
1632 1520 1817 1590 inter
1857 1536 2140 1590 meten·

203 1648 358 1698 tem
391 1627 778 1724 agricolam
797 1680 822 1718 ,
869 1642 944 1700 et
971 1643 1363 1714 serentem3
1410 1630 1550 1700 hoc
1579 1629 1768 1702 inter
1804 1653 1975 1702 eum
2004 1627 2138 1720 qui

203 1734 484 1828 paravit
505 1733 821 1816 amicum
842 1785 866 1823 ,
916 1751 989 1806 et
1025 1735 1154 1828 qui
1187 1751 1404 1829 parat.
1460 1735 1587 1806 Λτ
1607 1755 1655 1806 ‘r
1678 1753 1731 1806 A
1750 1755 1797 1807 1.
1818 1753 1871 1806 u
1894 1754 1929 1808 s
1973 1733 2141 1828 phi-
2170 1755 2175 1762 ·

202 1843 556 1936 Iosephus
577 1842 1140 1914 dicetesolebat:
1181 1844 1543 1916 Iucundius
1569 1867 1701 1913 esse
1724 1846 2001 1912 amicum
2007 1838 2141 1940 sa·-

201 1977 345 2026 cere
363 2006 392 2029 ,
435 1979 634 2049 quam
667 1952 940 2025 habere:
985 1955 1286 2050 quomodo
1326 1957 1579 2051 artifici
1618 1953 1961 2026 iucundius
1990 1954 2141 2050 pin-

198 2065 520 2158 gere'est,
555 2089 748 2160 quam
761 2067 1074 2162 pinxisse.
1117 2063 1245 2134 Ina
1271 2065 1348 2136 in
1381 2089 1603 2157 opere
1628 2087 1760 2136 suo
1788 2075 2137 2156 occupata

202 2173 626 2246 sollicitudo
653 2189 679 2261 ’,
709 2172 958 2270 ingens
990 2173 1609 2248 oblectamentum
1636 2172 1857 2246 habet
1881 2172 1957 2243 in
1988 2172 2135 2267 ipsa

204 2283 708 2376 occupatione.
748 2282 923 2354 Non
956 2306 1188 2374 aeque
1214 2283 1644 2369 delectatur,
1688 2281 1817 2375 qui
1842 2279 1937 2352 ab
1958 2303 2137 2374 ope·

203 2419 278 2466 re
301 2392 632 2489 perfecto
657 2393 967 2465 removit
991 2415 1291 2465 manum
1311 2393 1505 2475 tiam
1526 2392 1763 2466 fructu
1782 2392 1943 2464 artis
1966 2413 2132 2463 suae

202 2500 502 2589 fruitu13
527 2500 678 2595 ipsa
702 2498 1067 2573 fruebatur
1091 2519 1241 2572 arte
1257 2553 1283 2590 ,
1313 2526 1551 2597 quum
1576 2504 1920 2600 pingeret.
1958 2498 2133 2571 Fru-

205 2612 524 2685 ctuosior
563 2627 666 2685 est
701 2608 1170 2683 adolescentia
1203 2610 1641 2703 liberorum,
1683 2609 1809 2685 sed
1834 2608 2131 2682 infantia

208 2719 523 2793 dulcior.
561 2726 632 2765 ν’

306 2832 536 2904 Nunc
557 2828 650 2901 ad
669 2830 1122 2927 propositum
1160 2846 1619 2903 revertamur.
1666 2826 1957 2924 Sapiens
1974 2879 1995 2915 ‚
2023 2842 2136 2899 et-

209 2943 352 3011 iam
399 2942 452 3011 si
499 2956 884 3014 contentus
929 2955 1034 3011 est
1079 2964 1188 3027 se,
1225 2958 1470 3011 tamen
1513 2939 1775 3011 habete
1816 2938 2131 3009 amicum

209 3052 411 3137 vult3
439 3052 494 3121 si
523 3050 624 3121 ob
653 3050 835 3120 nihil
855 3049 1052 3120 aliud
1073 3102 1096 3137 ,
1122 3065 1204 3120 ut
1232 3064 1553 3120 exerceat
1578 3047 1959 3119 amicitiam
1979 3093 2001 3129 ,
2035 3066 2131 3114 ne

209 3176 360 3231 tam
385 3182 644 3255 magna
674 3158 894 3229 virtus
915 3157 1173 3229 iaceatz
1207 3180 1357 3229 non
1387 3156 1488 3227 ob
1522 3157 1697 3243 hoc,
1726 3154 1929 3248 quod
1952 3154 2135 3225 EPI-

216 3286 476 3339 cmuss
509 3268 798 3339 dicebat
834 3271 910 3339 in
943 3269 1073 3341 hac
1100 3268 1247 3361 ipsa
1274 3266 1606 3361 epistola,
1648 3283 1724 3337 ut
1754 3266 1985 3337 habeat
2020 3266 2133 3362 qui

213 3378 336 3447 sibi
361 3401 560 3471 aegro
595 3377 926 3453 adsideat.
966 3395 1311 3449 succurrat
1339 3380 1406 3447 in
1438 3376 1699 3450 vincula
1729 3378 2006 3447 coniecto
2028 3372 2137 3465 vel

215 3487 390 3583 inopi
400 3511 430 3558 ς
463 3485 589 3555 sed
629 3500 712 3555 ut
737 3486 1000 3557 habeat
1033 3486 1386 3578 aliquem,
1433 3486 1549 3557 cui
1577 3486 1725 3579 ipse
1752 3506 1958 3579 aegro
1999 3478 2131 3575 ad-

217 3591 438 3663 sideat
457 3643 480 3680 ,
522 3616 745 3685 quem
770 3588 1006 3689 ipsum
1036 3595 1607 3671 circumventum
1633 3591 1867 3662 hostili
1890 3602 2127 3659 custo·

219 3700 334 3771 dia
358 3701 633 3773 liberet.
655 3701 810 3809 Qui
835 3724 908 3773 se
934 3718 1200 3797 spectat
1221 3753 1246 3790 ,
1269 3717 1342 3772 et
1370 3716 1665 3793 propter
1691 3698 1828 3769 hoc
1849 3694 1941 3765 ad
1960 3697 2135 3766 ami-

219 3810 452 3885 citiam
473 3813 680 3886 venit
699 3860 724 3904 ,
765 3813 954 3884 male
982 3812 1278 3913 cogitat:
1317 3806 1939 3913 quemadmodum
1965 3828 2135 3881 coe-
