2809 4850
675 351 816 430 170
1031 321 1117 404 L„
1165 323 1621 400 ANNAEI
1670 318 2201 400 SENECAE

1129 527 1783 607 Ems‘roLA
1853 524 2116 600 ινιτ.

667 669 747 724 De
762 665 953 736 crypta
969 664 1304 735 Neapolitana
1315 702 1330 727 ,
1351 676 1406 718 et
1423 653 1495 716 ibi
1512 663 1743 717 horrore.
1758 659 1891 714 Tum
1910 660 2101 730 primos
2118 672 2287 714 motus
2300 658 2356 723 ’m
2366 671 2601 730 potesta-

794 759 852 802 te
867 763 971 800 non
989 762 1122 814 esse,
1149 744 1355 816 Aliquid
1374 744 1437 800 de
1455 741 1611 796 animi
1630 741 1877 796 tenuitate
1892 753 1947 796 et
1961 739 2241 796 celeritate.

1052 887 1396 958 SENECA
1431 884 1683 958 Lucilio
1717 909 1827 956 suo
1862 883 2176 954 Salutem.

663 991 991 1158 Quum
1027 1075 1068 1120 a
1091 1049 1266 1122 Baiis
1297 1047 1637 1122 deberem
1665 1046 2051 1142 Neapolim
2080 1058 2403 1137 repetere
2419 1093 2446 1131 ‚
2487 1041 2593 1116 fa-

663 1159 800 1230 cile
839 1157 1126 1231 credidi'
1139 1173 1632 1253 tempestatem
1673 1181 1814 1230 esse
1832 1208 1857 1245 ,
1899 1180 1991 1229 ne
2032 1127 2301 1230 itenfln
2324 1175 2589 1228 navem

667 1267 1057 1360 expetitas,
1107 1267 1233 1338 sed
1265 1284 1552 1340 tantum
1577 1266 1723 1350 luti,
1746 1282 1901 1340 tota
1939 1266 2051 1339 via
2079 1263 2259 1354 fuit,
2309 1280 2396 1336 ut
2422 1289 2591 1358 pos·

665 1399 816 1448 sem
857 1375 1079 1448 videri
1117 1377 1583 1448 nihilominus
1618 1378 1985 1476 navigasse.
2037 1374 2321 1448 Totum
2356 1376 2599 1447 athle··

667 1499 902 1555 tarum
937 1484 1166 1558 latum
1197 1484 1373 1554 mihi
1413 1485 1537 1556 illo
1569 1485 1689 1556 die
1726 1481 2285 1581 perpetiendum
2328 1481 2513 1555 suita
2548 1507 2592 1554 a

665 1609 1027 1667 ceromate
1060 1617 1194 1664 nos
1221 1593 1457 1686 haphe
1481 1594 1767 1686 excepit
1798 1593 1871 1662 in
1898 1608 2147 1687 crypta
2173 1591 2246 1664 N
2250 1592 2593 1686 eapolita·

665 1710 782 1772 na.
811 1699 1012 1770 Nihil
1030 1699 1156 1772 illo
1173 1723 1443 1772 carcere
1463 1702 1745 1800 longius
1757 1727 1778 1787 3
1816 1693 2148 1772 nihil'iuis
2167 1698 2438 1780 facibus
2462 1699 2591 1773 ob·

667 1809 973 1896 scm-ius,
1021 1833 1207 1902 quae
1254 1811 1465 1882 nobis
1488 1826 1882 1904 praestant,
1930 1834 2083 1882 non
2117 1828 2201 1883 ut
2230 1835 2362 1903 per
2386 1827 2587 1883 tene-

669 1917 826 1990 bras
855 1916 1220 1988 videamus
1237 1967 1264 2004 ,
1311 1917 1436 1988 sed
1462 1934 1541 1988 ut
1567 1917 1760 2009 ipsas.
1796 1918 2134 1988 Ceterum
2156 1915 2374 1986 etiam
2400 1914 2455 1984 si
2484 1916 2589 1986 lo·

667 2049 793 2098 cus
817 2025 1111 2119 haberet
1134 2026 1368 2096 lucem
1385 2075 1406 2112 ‚
1430 2026 1663 2118 pulvis
1684 2025 2014 2111 auferret,
2038 2021 2112 2093 in
2132 2039 2381 2116 aperto
2402 2046 2591 2115 quo-

671 2157 819 2226 que
852 2157 962 2202 res
989 2133 1208 2230 gravis
1237 2149 1310 2204 et
1331 2135 1626 2204 molesta
1642 2159 1665 2220 3
1702 2133 1883 2228 quid
1906 2133 2051 2203 illic
2070 2182 2093 2220 ‚
2124 2131 2252 2203 ubi
2274 2132 2349 2202 in
2370 2157 2443 2204 se
2462 2156 2589 2202 vo-

669 2244 936 2312 lutatur
955 2290 978 2327 ‚
1007 2257 1121 2327 et,
1157 2264 1390 2332 quum
1414 2242 1579 2315 sine
1611 2245 1765 2328 ullo
1798 2244 2228 2338 spiramento
2250 2229 2341 2312 sit
2366 2243 2587 2312 inclu-

669 2371 782 2419 sus
800 2397 823 2434 ,
848 2346 924 2416 in
947 2345 1173 2440 ipsos,
1197 2370 1240 2416 a
1268 2344 1533 2439 quibus
1558 2348 1899 2421 excitatus
1923 2369 2056 2438 est,
2090 2347 2393 2422 recidit?
2418 2349 2585 2424 Duo

669 2455 1134 2532 incommoda
1169 2460 1360 2529 inter
1397 2482 1471 2531 se
1502 2460 1847 2533 contraria
1877 2461 2090 2533 simul
2116 2462 2579 2557 pertulimus;

671 2565 922 2638 eadem
964 2568 1113 2658 via,
1147 2566 1409 2641 eodem
1428 2568 1551 2641 die
1572 2620 1599 2662 ,
1642 2586 1715 2643 et
1750 2573 1911 2644 luto
1953 2589 2029 2645 et
2058 2572 2357 2667 pulvere
2384 2571 2585 2645 labo·
2632 2620 2639 2625 -

669 2678 997 2752 favimus.

669 2824 676 2831 ·
767 2787 1068 2881 Aliquid
1094 2801 1336 2864 tamen
1361 2792 1541 2865 mihi
1566 2793 1686 2865 illa
1712 2792 2095 2867 obscuritas
2110 2844 2133 2883 ,
2158 2796 2369 2891 quod
2390 2798 2583 2898 cogi·-

671 2911 926 2984 tarem,
981 2896 1186 2970 dedit
1207 2926 1224 2969 ε
1283 2901 1465 2973 sensi
1504 2902 1893 2995 quemdam
1937 2905 2160 2983 ictum
2204 2906 2467 2996 animi,
2512 2922 2585 2979 et

669 3007 818 3079 sine
859 3024 1062 3079 metu
1087 3010 1567 3085 mutationem
1584 3064 1607 3099 ,
1653 3037 1869 3106 quam
1902 3014 2221 3087 insolitae
2248 3014 2351 3088 rei
2376 3013 2586 3087 novi-

671 3125 774 3183 tas
799 3111 1114 3188 simulac
1139 3114 1441 3195 foeditas
1461 3116 1735 3193 fecerat.
1774 3122 1941 3196 Non
1974 3121 2067 3195 de
2096 3147 2217 3195 me
2252 3124 2449 3196 nunc
2476 3140 2585 3197 te·

669 3244 846 3293 cum
879 3225 1210 3316 loquor‘„
1231 3228 1360 3320 qui
1384 3230 1703 3303 multum
1724 3230 1817 3303 ab
1860 3232 2157 3327 homine
2190 3234 2581 3323 tolerabili,

669 3330 950 3403 nedum
973 3358 1014 3405 a
1029 3330 1346 3427 perfecto
1369 3332 1661 3427 absum3
1684 3339 1810 3415 sed
1836 3341 1926 3412 de
1942 3343 2068 3415 illo
2083 3394 2105 3432 ,
2130 3343 2207 3413 in
2232 3368 2461 3449 quem
2477 3344 2583 3417 ius

669 3437 958 3514 fortuna
982 3442 1334 3538 perdidit:
1375 3445 1589 3519 huius
1625 3473 1925 3544 quoque
1949 3450 2237 3526 ferietur
2262 3453 2543 3527 animus
2559 3503 2586 3543 ‚

671 3554 1067 3627 mutabitur
1117 3557 1338 3632 color.
1391 3558 1799 3665 ‘Quaedam
1853 3552 2049 3635 enim
2069 3614 2096 3652 ‚
2153 3564 2257 3636 mi
2300 3562 2541 3637 Lucili
2557 3613 2584 3653 ‚

673 3665 873 3734 nulla
895 3665 1206 3764 effugere
1229 3666 1450 3741 virtus
1528 3684 1749 3757 otest3
1786 3670 2137 3745 admonet
2158 3673 2355 3745 illam
2376 3689 2585 3743 natu·

673 3792 752 3843 ra
777 3775 1216 3850 mortalitatis
1243 3800 1430 3851 suae.
1460 3693 1713 3874 fixaque
1738 3796 1811 3853 et
1848 3779 2135 3870 vultum
2154 3778 2471 3856 adducet
2490 3777 2583 3853 ad
