2809 4850
390 390 1261 500 ‚EPJsToLA
1338 398 1904 474 Lxxxvm
2020 403 2236 502 363:

230 553 545 627 adiecisse
570 559 745 656 operi
777 582 930 634 suo,
977 583 1095 655 quo
1127 559 1357 630 bellum
1403 559 1753 634 Troianum
1801 563 2168 663 complexu-s

164 744 169 748 ,
230 681 331 736 est
354 693 379 736 .-
430 665 641 740 huius
678 667 774 740 rei
818 669 1768 778 argumentumsadferebat,
1803 673 1970 770 quod
2001 673 2166 744 duas

232 773 466 846 literas
492 777 557 846 in
579 780 789 876 primo
809 803 998 856 versu
1013 780 1331 879 posuisset
1360 804 1442 850 ex
1469 781 1827 859 industria,
1854 783 2163 855 librorum

228 910 499 956 suorum
540 913 875 980 numerum
915 891 1331 962 continentes.
1372 929 1446 950 -ν-
1494 891 1693 964 Talia
1739 893 1908 965 sciat
1949 917 2165 989 opor·

226 1009 337 1066 tet
359 1046 384 1082 ‚
416 995 551 1089 qui
579 997 811 1067 multa
841 998 1001 1070 vult
1021 997 1215 1071 scire.
1523 1065 1536 1079 ‚
1705 991 1713 998 ’

174 1103 181 1111 ’
326 1105 508 1177 Non
536 1107 635 1177 vis
660 1107 967 1204 cogitare
991 1158 1015 1196 ‚
1046 1124 1402 1202 quantum
1431 1110 1772 1205 temporis
1801 1111 1938 1184 tibi
1965 1111 2166 1184 aufe-

226 1231 337 1288 rat
370 1219 560 1288 mala
591 1215 919 1289 valitudo
941 1269 963 1304 ,
1013 1235 1376 1310 quantum
1413 1218 1789 1311 occupatio
1821 1220 2112 1312 publica
2132 1270 2161 1309 ‚

224 1335 590 1420 quantum
632 1327 1009 1420 occupatio
1039 1327 1343 1420 privata,
1386 1343 1745 1420 quantum
1776 1332 2160 1422 occupatio
2191 1417 2194 1422 ¹

224 1437 705 1530 quotidiana,
754 1455 1115 1532 quantum
1152 1437 1498 1528 somn-us?
1544 1436 1803 1508 Metire
1851 1454 2160 1508 aetatem

225 1551 463 1622 tuam!
504 1566 653 1620 tam
682 1549 907 1620 multa
940 1571 1089 1618 non
1122 1547 1332 1640 capit.
1389 1547 1506 1621 De
1537 1547 1906 1618 liberalibus
1925 1549 2164 1620 studiis

222 1659 534 1759 loquor;
578 1658 954 1758 Philosophi
988 1672 1345 1750 quantum
1376 1656 1649 1729 habent
1687 1661 2158 1753 supervacui?

220 1787 591 1864 quantum
618 1771 710 1843 ab
747 1797 876 1856 usu
904 1768 1345 1842 recedentis?
1378 1769 1519 1866 Ipsi
1550 1793 1852 1864 quoque
1885 1769 1977 1841 ad
2015 1773 2160 1866 syl-

223 1882 549 1956 labarum
575 1883 1059 1956 distinctiones
1078 1933 1099 1970 ,
1134 1896 1208 1953 et
1229 1878 1938 1955 coniunctionum-ac
1961 1905 2161 1977 prae-

222 1995 672 2088 positionum
695 1994 1163 2092 proprietates
1190 1990 1711 2068 descenderunt
1730 2043 1753 2079 ,
1786 2008 1857 2064 et
1881 1989 2160 2063 invide·

220 2124 299 2171 re
324 2099 832 2199 grammaticis,
862 2097 1181 2170 invidere
1220 2099 1615 2199 geometri&
1655 2097 2046 2204 Quidquid
2075 2100 2154 2172 in
2209 2129 2220 2136 “

221 2206 516 2286 iilorum
543 2209 809 2284 artibus
831 2230 1352 2300 supervacuum
1380 2223 1528 2276 erat
1545 2256 1567 2294 ,
1615 2209 2031 2285 transtulere
2074 2209 2154 2280 in

194 2319 449 2392 'su-am.
474 2316 589 2390 Sic
623 2315 959 2402 effectum
987 2332 1129 2405 est,
1171 2332 1256 2387 ut
1300 2313 1707 2413 diligentius
1743 2314 1999 2390 scirent
2043 2319 2156 2388 lo·-

220 2430 388 2527 qui,
421 2452 641 2523 quam
665 2427 925 2499 vivere.
957 2427 1153 2500 Audi
1173 2480 1197 2515 ,
1228 2444 1585 2521 quantum
1609 2429 1776 2499 mali
1809 2428 2013 2501 faciat
2038 2430 2153 2501 ni·-

222 2539 369 2609 mia
389 2536 780 2628 subtilitas,
812 2556 887 2617 et
919 2562 1139 2636 quam
1167 2536 1422 2611 infesta
1447 2538 1730 2611 veritati
1751 2538 1840 2609 sit
1866 2517 1968 2615 131³
1986 2559 2036 2611 R
2059 2558 2152 2611 o·
2222 2594 2233 2604 .

144 2702 151 2716 .
224 2648 641 2719 TA'GORA
670 2664 705 2717 s
753 2644 893 2735 ait,
943 2646 1019 2717 de
1056 2649 1230 2719 omni
1270 2672 1343 2719 re
1397 2650 1466 2718 in
1514 2664 1851 2751 utramque
1893 2631 2150 2748 {artem

224 2758 555 2857 disputari
560 2781 748 2857 posse
774 2782 855 2829 ex
878 2784 1076 2855 aequo
1097 2812 1119 2843 ,
1147 2776 1213 2857 et
1240 2759 1315 2829 de
1342 2758 1466 2829 hac
1489 2761 1629 2855 ipsa
1649 2810 1674 2832 .
1707 2784 1792 2831 an
1821 2764 2025 2830 omnis
2047 2784 2152 2831 res

224 2870 293 2938 in
337 2884 973 2965 utrmnqtee‘partem⁴
992 2862 1397 2965 disputabilis
1427 2869 1537 2936 sit.
1582 2866 1650 2936 N
1670 2884 1724 2937 A
1742 2884 1794 2935 u
1815 2886 1900 2943 ει
1916 2886 1958 2939 1³
1985 2886 2036 2937 Η
2055 2886 2150 2938 A·-

222 2994 277 3047 N
295 2996 340 3047 Ε
360 2994 395 3046 s
440 2974 583 3065 ait,·
624 3000 707 3047 ex
737 2976 871 3050 Itis.
900 3000 1063 3072 quae
1079 2976 1381 3048 videntur
1421 2998 1554 3045 osse
1573 3027 1595 3049 ,
1624 2975 1792 3045 nihil
1811 2978 2024 3069 magis
2051 3001 2148 3047 es·

223 3110 338 3162 se,
375 3110 567 3183 quam
606 3108 731 3156 non
775 3109 924 3157 esse.
984 3084 1321 3171 RARME
1350 3103 1448 3154 NI
1473 3102 1654 3155 DEs
1693 3083 1833 3170 ait,
1882 3106 1974 3155 ext
2001 3084 2144 3159 his.

222 3219 387 3292 quae
418 3196 763 3270 videntur.
797 3195 969 3266 nihil
992 3220 1123 3266 esse
1162 3196 1241 3271 ab
1270 3221 1391 3266 uno
1428 3195 1766 3267 diversum.
1805 3194 1930 3265 ΖΕ.
1953 3202 1996 3267 N'
2023 3214 2072 3265 o
2090 3214 2146 3267 N

222 3307 489 3379 Eleates
513 3306 755 3379 omnia
782 3306 1065 3405 negotia
1091 3305 1182 3378 'de
1204 3307 1496 3405 negotio
1521 3296 1810 3379 deiecit:
1845 3307 1941 3377 ait
1960 3356 1984 3395 ,
2015 3306 2146 3377 Ni·

225 3416 323 3485 hil
361 3404 515 3486 esse:
534 3415 739 3487 'Circa
767 3416 1018 3486 eadem
1048 3414 1192 3487 fere
1218 3416 1602 3511 Pyrrhonii
1633 3433 1997 3487 versantur
2017 3466 2040 3502 ,
2068 3432 2143 3489 et

225 3521 602 3621 Megarici,
638 3540 711 3595 et
732 3522 1057 3612 Eretrici,
1110 3541 1181 3595 et
1218 3519 1666 3609 Academici,
1707 3524 1835 3616 qui
1871 3546 2139 3595 novam

220 3631 673 3705 induxerunt
694 3633 1055 3705 scientiam
1075 3683 1098 3721 ‚
1142 3634 1315 3705 nihil
1342 3636 1526 3705 scire.
1573 3634 1768 3703 Haec
1795 3632 2036 3704 omnia
2058 3634 2138 3705 in

222 3746 429 3819 illum
456 3768 973 3841 supervacuum
997 3746 1400 3818 studiorum
1428 3746 1831 3818 liberalium
1853 3769 2140 3845 gregem
2257 3736 2264 3749 '

225 3858 519 3931 coniice.
566 3857 679 3929 Illi
715 3857 896 3933 mihi
922 3880 1075 3930 non
1118 3856 1572 3953 profuturam
1609 3857 1972 3931 scientiam
1998 3875 2141 3932 tra-
