2809 4850
729 401 871 476 230
1105 373 1187 448 L.
1237 367 1693 450 ANNAm
1752 369 2269 448 SENECAE

724 551 928 622 cent,
981 531 1217 628 ipsum
1261 533 1796 605 interemtorem
1839 533 1945 604 sui
1980 532 2165 604 fieri:
2218 547 2649 628 exspectan-

723 641 930 714 dum·
959 667 1099 712 esse
1149 636 1465 729 exitum,
1522 649 1743 734 quem
1786 656 2037 714 natura
2082 640 2417 714 decrevit.
2474 643 2647 718 Hoc

720 752 852 842 qui
881 749 1094 838 dicit,
1139 773 1292 820 non
1335 747 1535 820 videt
1574 773 1646 820 se
1692 748 2031 820 libertatis
2073 750 2263 821 viam
2320 751 2634 825 cludere.

715 859 842 932 Nil
887 859 1139 929 melius
1170 875 1450 928 aeterna
1483 859 1599 928 lex
1634 856 1849 944 fecit,
1900 881 2121 950 quam
2168 859 2375 953 quod
2400 887 2633 934 unum

719 969 1096 1039 introitum
1139 965 1348 1038 nobis
1387 965 1482 1038 ad
1520 965 1741 1038 vitam
1784 964 1984 1038 dedit
2008 1015 2033 1053 ,
2076 967 2313 1038 exitus
2351 971 2635 1047 multos.

717 1078 870 1176 Ego
899 1096 1304 1172 exspectem
1337 1079 1455 1148 vel
1478 1076 1716 1148 morbi
1741 1076 2235 1149 crudelitatem
2258 1081 2376 1150 vel
2396 1079 2638 1150 homi-

715 1188 825 1259 nis
845 1239 868 1272 ‚
912 1210 1144 1278 quum
1173 1185 1436 1279 possim
1466 1209 1593 1277 per
1620 1185 1855 1258 media
1896 1187 2087 1256 exire
2124 1187 2525 1274 tormenta,
2562 1206 2637 1262 et

715 1295 1003 1368 adversa
1054 1292 1449 1364 discutere?
1496 1293 1659 1364 Hoc
1706 1310 1811 1364 est
1846 1315 2079 1364 unum
2100 1343 2125 1380 ,
2172 1316 2301 1366 cur
2348 1294 2443 1365 de
2488 1295 2633 1366 vita

715 1427 868 1474 non
891 1428 1262 1497 possumus
1287 1403 1529 1496 queri:
1564 1403 1933 1476 neminem
1968 1421 2182 1476 tenet.
2224 1403 2430 1476 Bono
2466 1406 2633 1476 loco

714 1539 822 1586 res
852 1515 1203 1586 humanae
1227 1533 1430 1601 sunt,
1478 1515 1681 1607 quod
1712 1539 1931 1588 nemo
1962 1515 2093 1586 nisi
2126 1515 2302 1588 vitio
2326 1541 2462 1586 suo.
2494 1516 2633 1588 mi-

710 1649 820 1698 ser
853 1642 973 1695 est.
1001 1627 1292 1698 Placet?
1327 1626 1527 1700 vive!
1562 1626 1736 1696 Non
1772 1627 2057 1718 placet?
2093 1627 2261 1698 licet
2285 1651 2373 1696 eo
2400 1648 2631 1696 revet-

708 1733 764 1804 ti
791 1734 986 1806 unde
1011 1737 1300 1806 venisti!
1368 1735 1467 1806 Ut
1498 1731 1822 1806 dolorem
1851 1735 2099 1829 capitis
2122 1739 2385 1812 levares
2406 1787 2428 1823 ,
2471 1759 2631 1806 san-

709 1846 1006 1938 guinem
1041 1869 1248 1939 saepe
1293 1845 1583 1929 misisti3
1640 1846 1728 1916 ad
1778 1843 2315 1920 extenuandum
2364 1869 2629 1952 corpus

709 1973 896 2024 vena
920 1955 1347 2048 percutitum
1380 1977 1532 2028 non
1554 1976 1733 2046 opus
1762 1971 1865 2024 est
1892 1969 2091 2024 vasto
2116 1957 2415 2025 vulnere
2442 1953 2627 2024 divi·

711 2063 884 2135 dere
919 2066 1369 2158 praecordia3
1418 2069 1748 2159 scalpello
1776 2066 2088 2157 aperitur
2124 2065 2216 2137 ad
2248 2066 2443 2140 illam
2464 2077 2626 2136 'ma-

703 2193 920 2268 gnam
952 2172 1358 2244 libertatem
1385 2172 1496 2244 via
1514 2225 1536 2260 ‚
1566 2188 1639 2246 et
1664 2189 1937 2271 puncto
1968 2171 2294 2244 securitas
2324 2185 2620 2242 constat.

805 2280 1016 2381 Quid
1045 2306 1210 2378 ergo
1257 2302 1400 2368 est,
1441 2283 1645 2374 quod
1687 2307 1815 2352 nos
1844 2281 2007 2356 facit
2045 2283 2281 2379 pigros
2326 2283 2621 2352 inertes-

702 2385 900 2482 que?
933 2391 1176 2465 Nemo
1201 2398 1523 2467 nostrum
1546 2395 1809 2491 cogitat
1828 2445 1853 2482 ‚
1892 2394 2335 2489 quan—doque
2364 2394 2497 2465 sibi
2524 2418 2617 2466 ex

699 2498 860 2581 hoc·
887 2500 1252 2578 domicilio
1289 2504 1731 2576 exeundum.
1786 2503 1902 2575 Sic
1932 2521 2199 2577 veteres
2224 2504 2619 2595 inquilinos

697 2604 1150 2703 indulgentia
1175 2609 1313 2678 loci
1341 2620 1415 2681 et
1446 2613 1897 2685 consuetudo
1920 2665 1940 2701 ,
1972 2613 2183 2685 etiam
2213 2612 2403 2685 inter
2426 2612 2621 2683 iniu-

699 2714 832 2795 1ias
851 2766 873 2801 ‚
910 2711 1210 2789 detinet.
1248 2717 1372 2791 Vis
1396 2720 1724 2795 adversus
1754 2722 1895 2799 hoc
1924 2728 2178 2815 corpus
2210 2722 2396 2793 liber
2421 2720 2615 2795 esse?

693 2820 1108 2917 Tamquam
1129 2830 1553 2924 migraturus
1574 2831 1841 2905 habita!
1872 2832 2379 2927 proponetibi,
2398 2858 2615 2925 quan·

699 2930 955 3025 doque
971 2936 1108 3005 hoc
1137 2938 1615 3011 contubernio
1638 2942 2061 3014 carendum!
2090 2942 2341 3014 fortiot
2368 2944 2499 3013 eris
2516 2942 2609 3015 ad

692 3046 1180 3119 necessitatem
1220 3048 1554 3123 exeundi.
1610 3051 1753 3124 Sed
1790 3054 2411 3146 quemadmodum
2440 3080 2609 3127 suus

689 3150 848 3221 linis
879 3153 1114 3229 veniet
1159 3156 1234 3227 in
1263 3175 1584 3233 mentem
1616 3162 1861 3232 omnia
1899 3163 2047 3256 sine
2077 3162 2219 3233 fine
2256 3162 2609 3255 concupi-

687 3260 1093 3331 scentibus?
1134 3262 1434 3336 Nullius.
1464 3267 1565 3337 rei
1610 3268 1982 3340 meditatio
2031 3285 2178 3341 tam
2224 3268 2601 3343 necessaria

689 3384 826 3439 esti
853 3371 979 3439 alia
1006 3372 1199 3443 enim
1217 3389 1638 3453 exercentur
1654 3377 1937 3454 fortasse
1952 3380 2026 3453 in
2050 3403 2595 3476 supervacuum.

685 3471 1044 3548 Adversus
1093 3501 1579 3574 paupertatem
1630 3506 2073 3583 praeparatus
2118 3510 2219 3562 est
2268 3494 2545 3569 animus
2565 3490 2602 3559 P

683 3602 1130 3672 permansere
1172 3588 1482 3663 divitiae.
1534 3594 1647 3668 Ad
1694 3616 2144 3675 contemtum
2176 3626 2305 3675 nos
2334 3603 2599 3675 doloris

683 3676 1156 3807 amavimuis?
1201 3716 1602 3793 numquam
1636 3730 1673 3776 a
1708 3706 1915 3781 nobis
1956 3710 2189 3807 exiget
2220 3710 2437 3783 huius
2462 3711 2602 3781 vir·

681 3807 856 3873 tuus
887 3803 1457 3900 experimentum
1486 3809 1740 3913 integri
1765 3838 1843 3890 ac
1862 3821 2008 3891 sani
2034 3816 2321 3891 felicitas
2342 3842 2601 3916 corpo-
