2809 4850
680 305 1500 443 Epis‘roL'A
1581 369 1789 454 ιιι.-
2045 395 2176 478 ¹53
2283 379 2289 390 ’

238 531 963 616 audiretcanentium
987 547 1341 608 nocturna
1368 531 1740 632 convicia?
1765 551 2018 612 nonne
2035 558 2184 614 maa

242 653 424 722 nefe
452 649 577 720 ille
604 648 791 718 intra
828 647 1099 718 vallum
1124 646 1522 736 maluisset,
1551 673 1776 742 quam
1799 673 2018 724 unam
2045 675 2188 724 no-
2279 669 2292 686 ·

240 776 440 832 ctem
472 760 661 831 in'ter
686 758 853 828 talia
881 755 1216 830 duxisse?
1240 758 1548 863 'Quidni
1583 761 1823 851 malit,
1858 763 2186 856 quisquis

244 872 355 946 vir
390 887 535 959 est,
579 893 921 942 somnum
948 893 1163 942 suum
1206 870 1535 960 classico,
1577 896 1796 965 quam
1835 874 2184 969 sympho-

242 980 407 1068 nia,
446 979 743 1072 rumpi?
776 1017 847 1030 -
906 976 1055 1050 Sed
1086 980 1242 1051 satis
1282 980 1410 1051 diu
1439 1005 1612 1052 cum
1653 981 1828 1053 Baiis
1879 979 2206 1080 litigavi·‘

202 1159 221 1179 ,
244 1113 439 1176 mus,
468 1110 873 1179 numquam
900 1087 1055 1158 satis
1086 1111 1253 1160 cum
1284 1086 1500 1160 vitiis.
1532 1112 1745 1183 quae,
1777 1112 1906 1161 oro
1943 1107 2045 1179 te,
2077 1091 2180 1162 mi

243 1186 479 1269 L‘ueili
501 1247 525 1283 ,
560 1219 985 1292 persequere
1010 1195 1157 1268 sine
1186 1196 1450 1284 modo,
1495 1199 1644 1270 sine
1681 1199 1862 1284 fine3
1907 1221 2076 1272 narn
2099 1201 2186 1273 ἱῑ-

239 1309 337 1380 lis.
350 1330 656 1402 quoque
683 1327 816 1376 nec
842 1304 999 1376 finis
1022 1309 1157 1376 est
1142 1354 1163 1393 ,
1191 1330 1327 1377 nec
1352 1307 1636 1408 modus.
1665 1307 1940 1379 Proiice
1961 1333 2182 1401 quae·

242 1437 567 1536 cumque
600 1438 725 1486 cor
758 1430 975 1484 tuum
1004 1413 1305 1500 laniant3
1361 1439 1550 1507 quae
1573 1416 1630 1486 si
1661 1415 1860 1488 aliter
1903 1418 2180 1490 extrahi

242 1523 633 1617 nequirent
653 1573 675 1608 ,
708 1545 835 1592 cor
859 1523 1091 1616 ipsum
1116 1545 1291 1602 curn
1322 1523 1456 1594 illis
1485 1523 1978 1596 revellendum
2007 1539 2177 1598 erar.

238 1631 673 1724 Voluptates
699 1621 1082 1722 praecipue
1106 1629 1406 1732 exturba
1434 1681 1454 1728 2
1493 1647 1567 1702 et
1592 1631 2028 1703 invisissimas
2052 1633 2178 1701 ha·
2205 1681 2209 1686 -

243 1741 385 1814 bez
431 1744 795 1810 latronum
840 1764 1081 1826 more,
1132 1765 1317 1834 quos
1344 1742 1625 1840 philetus
1662 1739 2000 1840 Aegyptii
2043 1765 2178 1813 vo-

244 1868 446 1937 cant,
494 1850 572 1922 in
610 1850 749 1920 hoc
786 1872 919 1922 nos
960 1851 1532 1946 amplectuntur,
1581 1865 1666 1920 ut
1707 1851 2170 1948 strangulent.

244 1956 452 2032 Vale.

750 2065 1405 2140 EPISTOLA
1469 2065 1658 2141 LII.

245 2194 505 2255 vacillare
531 2211 627 2252 nos
644 2195 698 2248 in
724 2197 910 2250 rectis:
933 2213 1065 2266 opus
1082 2213 1195 2252 esse
1213 2197 1466 2252 adiutorio
1485 2235 1500 2260 ,
1519 2209 1574 2250 et
1588 2194 1884 2252 directione.
1912 2196 2056 2250 Alios
2075 2213 2170 2251 au·-
2227 2247 2240 2254 ,

370 2287 477 2330 tem
494 2276 607 2340 aliis
628 2275 833 2348 facilius
852 2277 971 2330 duci
991 2277 1321 2346 formarique,
1344 2292 1405 2332 ut
1424 2277 1606 2330 natu'ra
1627 2289 1730 2332 est.
1762 2278 1859 2332 Sed
1890 2290 1951 2330 ut
1977 2277 2172 2353 fertite-

345 2406 351 2416 ,
372 2357 441 2414 tis
454 2393 469 2418 ,
488 2356 619 2427 elige
637 2373 667 2410 e
686 2355 867 2424 priscis
882 2395 898 2422 ‚
916 2369 968 2409 et
984 2373 1014 2410 e
1034 2356 1401 2426 praesentibus.
1419 2357 1568 2426 ,fuge
1587 2369 1752 2411 tamen
1769 2358 2022 2411 verbosos
2029 2395 2048 2422 ,
2067 2374 2171 2410 am-

372 2435 621 2501 bitiosos,
636 2438 875 2505 plausum
898 2448 1181 2507 captantes.
1907 2456 1910 2463 ·

642 2569 990 2645 SENECA
1030 2570 1281 2645 Lucilio
1321 2594 1436 2643 suo
1467 2568 1779 2657 Salutem.

238 2670 531 2841 Qum
558 2749 662 2806 est
694 2736 879 2821 hoc,
912 2731 1178 2819 Lucili,
1226 2733 1437 2827 quod
1465 2757 1594 2805 nos
1619 2733 1756 2805 alio
1785 2731 2170 2837 tendentes

238 2844 379 2912 alio
418 2842 679 2931 trahit,
718 2856 795 2912 et
838 2866 930 2911 eo
954 2889 979 2928 ,
1025 2837 1227 2911 unde
1256 2838 1589 2914 recedere
1635 2840 2005 2933 cupimus,
2047 2840 2201 2911 in·-

236 2948 499 3045 pellit?
544 2951 725 3044 quid
748 2933 1207 3021 'conluctatur
1232 2969 1401 3019 cum
1432 2949 1680 3020 animo
1711 2965 1992 3037 nostro,
2025 2971 2160 3021 nec

236 3058 593 3153 permittit
610 3060 820 3131 nobis
846 3058 1249 3153 quidquam
1281 3058 1500 3129 semel
1537 3056 1778 3129 velle?
1817 3056 2162 3141 Fluctua·

238 3190 401 3237 mus
422 3166 611 3237 inter
632 3168 817 3240 varia
834 3166 1119 3238 consilia
1140 3190 1163 3249 ς
1198 3166 1377 3237 nihil
1404 3167 1626 3239 libere
1643 3167 2020 3256 volumus,
2046 3167 2160 3237 ni-

236 3272 344 3345 hil
372 3274 745 3363 absolute,
778 3276 961 3349 nihil
1002 3300 1414 3370 semper.-
1465 3274 1823 3367 Stultitia,
1870 3276 2156 3371 inquis,
2211 3306 2224 3323 ν

228 3401 387 3472 est,
435 3382 553 3459 cui
600 3387 779 3457 nihil
823 3404 1148 3474 constat,
1198 3387 1376 3459 nihil
1416 3387 1544 3458 diu
1585 3385 1840 3483 placet.
1883 3426 1957 3441 -·
2013 3385 2158 3459 Sed

238 3478 628 3585 quemodo
663 3518 843 3582 nos,
874 3512 999 3568 aut
1045 3439 1343 3590 qu’ando
1383 3494 1478 3568 ab
1527 3498 1644 3568 illa
1681 3495 2156 3575 revellemus?

102 3634 137 3653 x·
237 3602 479 3677 Nemo
509 3630 639 3699 per
660 3630 731 3677 se
748 3608 913 3677 satis
938 3609 1159 3696 valet,
1198 3625 1283 3678 ut
1314 3624 1662 3705 emergat·
1642 3658 1664 3695 ‚
1695 3620 1984 3701 oportet
2003 3630 2156 3678 ma·-

138 3740 153 3751 ’
233 3738 421 3787 num
456 3718 709 3810 aliquis
754 3719 1066 3817 porrigat
1086 3770 1112 3806 ,
1160 3717 1414 3812 aliquis
1452 3718 1730 3790 educat.
1775 3717 2152 3825 Quosdam

234 3824 335 3897 ait
364 3824 425 3896 E
444 3846 487 3897 P
502 3847 593 3901 ιο
617 3844 671 3899 u
694 3847 753 3901 ιι
767 3847 823 3899 u
846 3846 883 3901 s
920 3827 1019 3900 ad
1050 3828 1424 3903 veritatem
1449 3826 1600 3899 sine
1624 3827 1838 3904 ullius
1866 3826 2156 3903 adiuta,-
