2809 4850
749 335 846 417 50
1107 305 1190 383 L
1237 309 1708 386 ΑΝΝΑΕῙ
1758 311 2302 395 SENECAE

741 482 827 556 lit
849 493 920 552 et
940 478 1185 567 iactat,
1209 475 1664 574 philosophia
1688 499 1821 548 nos
1842 477 2025 550 tueri
2048 477 2283 552 debet.
2312 477 2514 552 Haec
2538 479 2649 554 ad-

739 585 1144 662 hortabitur
1162 635 1188 675 ,
1227 600 1313 658 ut
1333 581 1497 658 Deo
1522 583 1829 658 libenter
1856 609 2223 681 pareamus
2242 637 2265 675 ,
2313 603 2397 658 ut
2422 587 2651 664 fortu-

736 719 874 770 nae
911 695 1431 768 contumaciter
1466 691 1864 765 resistamus
1890 720 1909 763 =
1968 681 2142 769 haec
2189 694 2521 786 docebit,
2571 715 2651 770 ut

735 804 983 880 Deum
1003 802 1311 896 sequaris
1325 851 1350 891 ,
1377 801 1551 874 feras
1572 825 1832 874 casum.
1876 796 2019 873 Sed
2044 825 2198 874 non
2225 818 2330 874 est
2350 806 2647 878 nuncin

733 914 920 988 hanc
965 911 1527 1009 disputationem
1559 911 2075 986 transeundum
2096 965 2121 1002 ,
2152 913 2337 1007 quid
2358 915 2448 990 sit
2484 917 2654 990 iuris

731 1024 999 1113 nostri,
1035 1023 1090 1094 ai
1127 1021 1584 1117 providentia
1611 1020 1693 1092 in
1718 1021 2021 1116 imperio
2046 1039 2186 1110 est,
2230 1039 2358 1096 aut
2393 1025 2449 1096 si
2474 1023 2650 1096 fato·

732 1154 901 1203 rum
923 1129 1124 1202 series
1145 1128 1471 1226 inligatos
1502 1126 1755 1217 trahit,
1788 1144 1916 1200 aut
1939 1127 1992 1198 si
2021 1129 2405 1223 repentina·
2420 1155 2507 1204 ac
2532 1157 2647 1204 su-

732 1239 883 1316 bita
908 1239 1415 1312 dominanturz
1459 1239 1587 1310 illo
1618 1261 1819 1312 nunc
1858 1255 2171 1312 revertor
2194 1291 2215 1328 ,
2263 1257 2347 1313 ut
2376 1257 2449 1314 te
2484 1267 2647 1316 mo·-

731 1369 942 1424 neam
967 1365 1041 1444 et
1067 1350 1438 1435 exhorter,
1478 1371 1573 1420 ne
1592 1348 1867 1442 patiaris
1894 1349 2253 1445 impetum
2285 1353 2641 1432 animitui

729 1460 970 1534 delabi
989 1474 1062 1532 et
1081 1458 1541 1557 refrigescere.
1569 1458 1879 1530 Contine
1899 1459 2105 1530 illum
2119 1506 2144 1549 ,
2168 1475 2241 1532 et
2258 1461 2643 1552 constitue,

731 1585 818 1647 ut
837 1569 1116 1640 habitus
1139 1567 1262 1638 fiat
1289 1566 1494 1661 quod
1518 1582 1623 1639 est
1646 1559 1990 1662 impetus!

761 1747 772 1754 .
831 1680 984 1750 Iam
1007 1676 1102 1748 ab
1131 1675 1375 1764 initio,
1403 1675 1462 1746 si
1486 1675 1675 1750 bene
1700 1693 1773 1748 te
1792 1677 2017 1765 novi,
2034 1677 2519 1774 circumspicis
2540 1704 2649 1754 ec·

729 1787 920 1884 quid
957 1787 1132 1860 haec
1171 1788 1469 1883 epistola
1505 1787 1912 1864 munusculi
1944 1788 2283 1866 adtulerit
2302 1790 2337 1861 ?
2387 1805 2644 1863 excute

667 1921 675 1934 ·
729 1899 922 1970 illam
938 1946 963 1985 ‚
988 1911 1063 1968 et
1082 1896 1419 1968 invenies.
1460 1895 1630 1967 Non
1655 1895 1991 1990 estquod
2018 1896 2284 1969 mireris
2315 1897 2644 1968 animum

727 2028 1008 2078 meum:
1037 2003 1275 2076 adhuc
1298 2003 1390 2075 de
1417 2005 1650 2076 alieno
1676 2003 1981 2076 liberalia
2006 2029 2189 2078 sum.
2238 2005 2488 2114 Quare
2520 2032 2646 2079 au·

671 2173 680 2180 .
727 2131 880 2186 tem
897 2111 1212 2186 alienum
1233 2110 1436 2184 dixi?
1483 2113 1848 2208 quidquid
1888 2113 2073 2186 bene
2097 2116 2377 2190 dictum
2406 2132 2515 2188 est
2552 2117 2643 2189 ab
2727 2141 2735 2153 ·

726 2224 882 2296 ullo
902 2275 926 2314 ,
955 2245 1206 2294 meum
1229 2239 1354 2297 est.
1387 2221 1505 2296 Sic
1522 2248 1825 2318 quoque
1850 2224 2064 2318 quod·
2080 2225 2171 2298 ab
2196 2225 2255 2298 E
2269 2245 2311 2298 Ρ
2326 2246 2359 2298 1
2376 2245 2495 2320 mr
2512 2247 2567 2300 n
2588 2246 2637 2298 o

591 2323 606 2447 α’
645 2365 660 2374 ·
726 2331 1010 2406 dictum
1033 2348 1170 2405 est:
1197 2332 1279 2403 Si
1309 2333 1399 2404 ad
1408 2350 1719 2406 naturam
1741 2335 1937 2412 vives,
1966 2359 2311 2433 numquam
2334 2337 2460 2406 eris
2478 2362 2643 2437 pau·

718 2470 873 2547 per.-
893 2446 956 2516 si
981 2442 1070 2515 ad
1086 2446 1471 2543 opinionem.
1514 2469 1860 2542 numquam
1888 2447 2013 2517 eris
2048 2446 2239 2537 dives.
2267 2437 2637 2542 Exiguum

598 2539 621 2553 “
720 2567 976 2636 natura
997 2549 1384 2637 desiderat,
1420 2549 1671 2644 opinio
1703 2550 2159 2624 immensum.
2194 2550 2640 2651 Congeratur

720 2659 801 2731 iu
820 2656 1330 2757 teffluidquid
1354 2659 1569 2732 multi
1595 2661 1989 2755 locupletes
2011 2659 2503 2755 possederant3
2535 2663 2642 2732 ul·
2671 2740 2673 2742 ‚

723 2784 834 2842 tra
869 2754 1228 2864 {rii-atum
1254 2769 1603 2863 pecuniae
1627 2770 1934 2843 modum
1966 2768 2255 2843 fortuna
2280 2786 2354 2843 te
2373 2794 2641 2867 prove-

718 2876 885 2965 hat,
929 2898 1104 2948 auro
1138 2889 1364 2974 tegat,
1406 2900 1726 2970 purpura
1768 2877 2055 2963 vestiat3
2100 2901 2188 2948 eo
2219 2877 2640 2949 deliciarum

581 3046 598 3059 .
721 3009 1102 3080 opumque
1132 2982 1481 3079 perducat
1500 3034 1523 3072 ,
1572 3002 1654 3056 ut
1693 3002 1949 3059 terram
1974 2982 2451 3063 marmoribus
2474 2987 2640 3057 abs-

719 3093 1018 3181 conda33
1068 3117 1225 3165 non
1264 3107 1549 3163 tantum
1578 3093 1839 3170 habere
1864 3094 1998 3166 tibi
2035 3094 2278 3184 liceat,
2310 3094 2436 3165 sed
2484 3097 2637 3167 cal-

718 3228 876 3277 care
901 3204 1174 3301 divitias
1191 3230 1212 3291 3
1239 3204 1578 3287 accedant
1594 3221 1861 3305 statuae
1880 3221 1952 3277 et
1965 3206 2309 3300 picturae,
2330 3222 2407 3297 et
2418 3206 2641 3301 quid-

597 3382 600 3385 ,
721 3313 907 3411 quid
927 3336 1034 3386 ars
1059 3314 1206 3385 ulla
1239 3314 1567 3387 luxuriae
1604 3315 2026 3387 elaboravit:
2066 3318 2335 3389 maiora
2364 3342 2637 3413 cupere

715 3426 812 3499 ab
847 3425 954 3498 his
989 3422 1228 3496 disces.
1261 3422 1624 3496 Naturalia
1666 3423 2005 3497 desideria
2046 3424 2245 3500 finita
2278 3442 2479 3498 sunt:
2540 3450 2637 3499 ex

716 3533 881 3607 falsa
919 3531 1261 3626 opinione
1303 3532 1692 3623 nascentia,
1740 3534 1873 3605 ubi
1915 3534 2237 3607 desinant
2258 3586 2283 3623 ,
2321 3556 2472 3625 non
2504 3536 2637 3607 ha-

713 3642 948 3731 bent3·
973 3646 1214 3716 nullus
1243 3646 1440 3719 enim
1462 3647 1809 3724 terminus
1851 3646 2025 3721 falso
2064 3664 2183 3721 est.
2250 3648 2387 3721 Via
2423 3648 2639 3725 eunti

716 3750 992 3847 aliquid
1021 3774 1429 3831 extremum
1462 3773 1605 3846 est3
1646 3782 1844 3835 error
1880 3757 2271 3835 immensus
2312 3774 2436 3832 est.
2478 3760 2636 3835 Re-
