<?xml version="1.0" encoding="UTF-8"?>
<!DOCTYPE html PUBLIC "-//W3C//DTD XHTML 1.0 Transitional//EN"
    "http://www.w3.org/TR/xhtml1/DTD/xhtml1-transitional.dtd">
<html xmlns="http://www.w3.org/1999/xhtml" xml:lang="en" lang="en">
 <head>
  <title>
</title>
<meta http-equiv="Content-Type" content="text/html;charset=utf-8" />
  <meta name='ocr-system' content='tesseract 3.04.00' />
  <meta name='ocr-capabilities' content='ocr_page ocr_carea ocr_par ocr_line ocrx_word'/>
</head>
<body>
  <div class='ocr_page' id='page_1' title='image "./lannaeisenecaea01bipogoog_0104.png"; bbox 0 0 2809 4850; ppageno 0'>
   <div class='ocr_carea' id='block_1_1' title="bbox 696 363 2242 480">
    <p class='ocr_par' dir='ltr' id='par_1_1' title="bbox 696 363 2242 480">
     <span class='ocr_line' id='line_1_1' title="bbox 696 363 2242 480; baseline -0.001 -35"><span class='ocrx_word' id='word_1_1' title='bbox 696 399 801 480; x_wconf 75' lang='lat'><strong>94</strong></span> <span class='ocrx_word' id='word_1_2' title='bbox 1086 371 1169 446; x_wconf 88' lang='lat'><strong>1.</strong></span> <span class='ocrx_word' id='word_1_3' title='bbox 1212 367 1662 444; x_wconf 77' lang='grc' dir='ltr'><strong>ΛΝΝΑΕῙ</strong></span> <span class='ocrx_word' id='word_1_4' title='bbox 1705 363 2242 444; x_wconf 77' lang='lat' dir='ltr'><strong>SENECAE</strong></span> 
     </span>
    </p>
   </div>
   <div class='ocr_carea' id='block_1_2' title="bbox 626 519 2641 2715">
    <p class='ocr_par' dir='ltr' id='par_1_2' title="bbox 626 519 2641 2715">
     <span class='ocr_line' id='line_1_2' title="bbox 634 519 2630 634; baseline -0.003 -26"><span class='ocrx_word' id='word_1_5' title='bbox 634 519 641 524; x_wconf 37' lang='lat'><strong>¹</strong></span> <span class='ocrx_word' id='word_1_6' title='bbox 698 535 1047 634; x_wconf 76' lang='lat' dir='ltr'>rigentem</span> <span class='ocrx_word' id='word_1_7' title='bbox 1074 529 1333 619; x_wconf 71' lang='lat' dir='ltr'><strong>trahat:</strong></span> <span class='ocrx_word' id='word_1_8' title='bbox 1362 553 1618 626; x_wconf 82' lang='lat' dir='ltr'><strong>magna</strong></span> <span class='ocrx_word' id='word_1_9' title='bbox 1643 528 1726 598; x_wconf 88' lang='lat' dir='ltr'><strong>in</strong></span> <span class='ocrx_word' id='word_1_10' title='bbox 1745 526 1872 598; x_wconf 87' lang='lat' dir='ltr'><strong>illo</strong></span> <span class='ocrx_word' id='word_1_11' title='bbox 1893 527 2164 625; x_wconf 88' lang='lat' dir='ltr'><strong>ingenii</strong></span> <span class='ocrx_word' id='word_1_12' title='bbox 2183 527 2284 599; x_wconf 79' lang='lat' dir='ltr'><strong>vis</strong></span> <span class='ocrx_word' id='word_1_13' title='bbox 2317 541 2459 616; x_wconf 86' lang='lat' dir='ltr'><strong>est,</strong></span> <span class='ocrx_word' id='word_1_14' title='bbox 2484 524 2630 604; x_wconf 62' lang='lat' dir='ltr'><strong>ud</strong></span> 
     </span>
     <span class='ocr_line' id='line_1_3' title="bbox 696 635 2640 734; baseline -0.003 -19"><span class='ocrx_word' id='word_1_15' title='bbox 696 643 838 714; x_wconf 87' lang='lat' dir='ltr'><strong>iam</strong></span> <span class='ocrx_word' id='word_1_16' title='bbox 862 640 1220 714; x_wconf 83' lang='lat' dir='ltr'><strong>tendentis</strong></span> <span class='ocrx_word' id='word_1_17' title='bbox 1242 639 1321 712; x_wconf 89' lang='lat' dir='ltr'><strong>in</strong></span> <span class='ocrx_word' id='word_1_18' title='bbox 1349 662 1668 734; x_wconf 85' lang='lat' dir='ltr'><strong>pravum.</strong></span> <span class='ocrx_word' id='word_1_19' title='bbox 1700 636 2188 708; x_wconf 76' lang='lat' dir='ltr'><strong>Nihilominus</strong></span> <span class='ocrx_word' id='word_1_20' title='bbox 2219 635 2440 708; x_wconf 83' lang='lat' dir='ltr'>adibo</span> <span class='ocrx_word' id='word_1_21' title='bbox 2466 637 2640 710; x_wconf 71' lang='lat' dir='ltr'><strong>hot&gt;</strong></span> 
     </span>
     <span class='ocr_line' id='line_1_4' title="bbox 698 745 2632 852; baseline -0.004 -26"><span class='ocrx_word' id='word_1_22' title='bbox 698 753 1139 849; x_wconf 85' lang='lat' dir='ltr'><strong>periculum,</strong></span> <span class='ocrx_word' id='word_1_23' title='bbox 1166 766 1239 822; x_wconf 90' lang='lat' dir='ltr'><strong>et</strong></span> <span class='ocrx_word' id='word_1_24' title='bbox 1259 747 1548 852; x_wconf 74' lang='lat' dir='ltr'><strong>audebo</strong></span> <span class='ocrx_word' id='word_1_25' title='bbox 1570 747 1672 820; x_wconf 87' lang='lat' dir='ltr'><strong>illi</strong></span> <span class='ocrx_word' id='word_1_26' title='bbox 1699 749 1882 820; x_wconf 87' lang='lat' dir='ltr'><strong>mala</strong></span> <span class='ocrx_word' id='word_1_27' title='bbox 1907 771 2028 818; x_wconf 87' lang='lat' dir='ltr'><strong>sua</strong></span> <span class='ocrx_word' id='word_1_28' title='bbox 2059 746 2456 820; x_wconf 77' lang='lat' dir='ltr'><strong>ostendere.</strong></span> <span class='ocrx_word' id='word_1_29' title='bbox 2481 745 2632 818; x_wconf 83' lang='lat' dir='ltr'><strong>Fa·-</strong></span> 
     </span>
     <span class='ocr_line' id='line_1_5' title="bbox 700 857 2626 958; baseline -0.004 -20"><span class='ocrx_word' id='word_1_30' title='bbox 700 866 845 938; x_wconf 86' lang='lat' dir='ltr'><strong>ciet</strong></span> <span class='ocrx_word' id='word_1_31' title='bbox 873 861 1077 956; x_wconf 88' lang='lat' dir='ltr'><strong>quod</strong></span> <span class='ocrx_word' id='word_1_32' title='bbox 1114 863 1328 946; x_wconf 82' lang='lat' dir='ltr'><strong>solet3</strong></span> <span class='ocrx_word' id='word_1_33' title='bbox 1364 859 1746 958; x_wconf 75' lang='lat' dir='ltr'>advocabit</span> <span class='ocrx_word' id='word_1_34' title='bbox 1773 857 1922 930; x_wconf 87' lang='lat' dir='ltr'><strong>illas</strong></span> <span class='ocrx_word' id='word_1_35' title='bbox 1949 857 2266 945; x_wconf 78' lang='lat' dir='ltr'>facetias,</span> <span class='ocrx_word' id='word_1_36' title='bbox 2297 882 2490 952; x_wconf 88' lang='lat' dir='ltr'><strong>quae</strong></span> <span class='ocrx_word' id='word_1_37' title='bbox 2521 859 2626 931; x_wconf 86' lang='lat' dir='ltr'><strong>ri·-</strong></span> 
     </span>
     <span class='ocr_line' id='line_1_6' title="bbox 697 966 2620 1066; baseline -0.003 -22"><span class='ocrx_word' id='word_1_38' title='bbox 697 998 859 1045; x_wconf 85' lang='lat' dir='ltr'><strong>sum</strong></span> <span class='ocrx_word' id='word_1_39' title='bbox 882 993 1171 1043; x_wconf 82' lang='lat' dir='ltr'><strong>evocare</strong></span> <span class='ocrx_word' id='word_1_40' title='bbox 1194 968 1609 1066; x_wconf 87' lang='lat' dir='ltr'><strong>lugentibus</strong></span> <span class='ocrx_word' id='word_1_41' title='bbox 1627 983 1924 1062; x_wconf 78' lang='lat' dir='ltr'>possunt</span> <span class='ocrx_word' id='word_1_42' title='bbox 1940 993 1962 1054; x_wconf 83' lang='lat'>3</span> <span class='ocrx_word' id='word_1_43' title='bbox 1981 982 2056 1038; x_wconf 90' lang='lat' dir='ltr'><strong>et</strong></span> <span class='ocrx_word' id='word_1_44' title='bbox 2073 966 2150 1036; x_wconf 91' lang='lat' dir='ltr'><strong>in</strong></span> <span class='ocrx_word' id='word_1_45' title='bbox 2167 991 2241 1038; x_wconf 85' lang='lat' dir='ltr'><strong>se</strong></span> <span class='ocrx_word' id='word_1_46' title='bbox 2262 969 2620 1062; x_wconf 84' lang='lat' dir='ltr'><strong>primum,</strong></span> 
     </span>
     <span class='ocr_line' id='line_1_7' title="bbox 698 1077 2624 1170; baseline -0.003 -16"><span class='ocrx_word' id='word_1_47' title='bbox 698 1079 963 1154; x_wconf 89' lang='lat' dir='ltr'><strong>deinde</strong></span> <span class='ocrx_word' id='word_1_48' title='bbox 998 1078 1075 1150; x_wconf 88' lang='lat' dir='ltr'><strong>in</strong></span> <span class='ocrx_word' id='word_1_49' title='bbox 1124 1103 1253 1150; x_wconf 87' lang='lat' dir='ltr'><strong>nos</strong></span> <span class='ocrx_word' id='word_1_50' title='bbox 1290 1077 1674 1162; x_wconf 83' lang='lat' dir='ltr'><strong>iocabitur3</strong></span> <span class='ocrx_word' id='word_1_51' title='bbox 1725 1077 2011 1164; x_wconf 88' lang='lat' dir='ltr'><strong>omnia,</strong></span> <span class='ocrx_word' id='word_1_52' title='bbox 2057 1101 2244 1170; x_wconf 89' lang='lat' dir='ltr'><strong>quae</strong></span> <span class='ocrx_word' id='word_1_53' title='bbox 2287 1077 2624 1150; x_wconf 83' lang='lat' dir='ltr'><strong>dicturus</strong></span> 
     </span>
     <span class='ocr_line' id='line_1_8' title="bbox 696 1185 2618 1280; baseline -0.003 -17"><span class='ocrx_word' id='word_1_54' title='bbox 696 1215 855 1264; x_wconf 89' lang='lat' dir='ltr'><strong>sum</strong></span> <span class='ocrx_word' id='word_1_55' title='bbox 880 1240 903 1277; x_wconf 92' lang='lat'><strong>,</strong></span> <span class='ocrx_word' id='word_1_56' title='bbox 945 1185 1343 1280; x_wconf 81' lang='lat' dir='ltr'><strong>occupabit.</strong></span> <span class='ocrx_word' id='word_1_57' title='bbox 1390 1185 1838 1258; x_wconf 87' lang='lat' dir='ltr'><strong>Scrutabitur</strong></span> <span class='ocrx_word' id='word_1_58' title='bbox 1881 1186 2148 1256; x_wconf 85' lang='lat' dir='ltr'><strong>scholas</strong></span> <span class='ocrx_word' id='word_1_59' title='bbox 2178 1203 2452 1258; x_wconf 86' lang='lat' dir='ltr'><strong>nostras</strong></span> <span class='ocrx_word' id='word_1_60' title='bbox 2473 1238 2496 1272; x_wconf 90' lang='lat'>,</span> <span class='ocrx_word' id='word_1_61' title='bbox 2535 1201 2618 1257; x_wconf 91' lang='lat' dir='ltr'><strong>et</strong></span> 
     </span>
     <span class='ocr_line' id='line_1_9' title="bbox 698 1289 2616 1392; baseline -0.003 -22"><span class='ocrx_word' id='word_1_62' title='bbox 698 1297 989 1371; x_wconf 89' lang='lat' dir='ltr'><strong>obiiciet</strong></span> <span class='ocrx_word' id='word_1_63' title='bbox 1035 1295 1476 1390; x_wconf 86' lang='lat' dir='ltr'><strong>philosophis</strong></span> <span class='ocrx_word' id='word_1_64' title='bbox 1519 1289 1863 1392; x_wconf 87' lang='lat' dir='ltr'><strong>congiaria</strong></span> <span class='ocrx_word' id='word_1_65' title='bbox 1893 1344 1918 1383; x_wconf 90' lang='lat'>‚</span> <span class='ocrx_word' id='word_1_66' title='bbox 1964 1292 2266 1380; x_wconf 75' lang='lat' dir='ltr'><strong>amicas,</strong></span> <span class='ocrx_word' id='word_1_67' title='bbox 2319 1297 2560 1392; x_wconf 75' lang='lat' dir='ltr'><strong>gulam</strong></span> <span class='ocrx_word' id='word_1_68' title='bbox 2585 1321 2616 1384; x_wconf 68' lang='grc' dir='ltr'><strong>ς</strong></span> 
     </span>
     <span class='ocr_line' id='line_1_10' title="bbox 697 1403 2616 1499; baseline -0.003 -18"><span class='ocrx_word' id='word_1_69' title='bbox 697 1407 1030 1482; x_wconf 86' lang='lat' dir='ltr'><strong>ostendet</strong></span> <span class='ocrx_word' id='word_1_70' title='bbox 1058 1405 1231 1476; x_wconf 87' lang='lat' dir='ltr'><strong>mihi</strong></span> <span class='ocrx_word' id='word_1_71' title='bbox 1258 1407 1480 1478; x_wconf 67' lang='lat' dir='ltr'><strong>alium</strong></span> <span class='ocrx_word' id='word_1_72' title='bbox 1512 1404 1588 1474; x_wconf 90' lang='lat' dir='ltr'><strong>in</strong></span> <span class='ocrx_word' id='word_1_73' title='bbox 1610 1403 1962 1476; x_wconf 80' lang='lat' dir='ltr'><strong>adulterio</strong></span> <span class='ocrx_word' id='word_1_74' title='bbox 1980 1455 2003 1492; x_wconf 86' lang='lat'><strong>,</strong></span> <span class='ocrx_word' id='word_1_75' title='bbox 2037 1405 2268 1478; x_wconf 85' lang='lat' dir='ltr'><strong>alium·</strong></span> <span class='ocrx_word' id='word_1_76' title='bbox 2287 1403 2363 1475; x_wconf 89' lang='lat' dir='ltr'><strong>in</strong></span> <span class='ocrx_word' id='word_1_77' title='bbox 2395 1406 2616 1499; x_wconf 87' lang='lat' dir='ltr'><strong>popi-</strong></span> 
     </span>
     <span class='ocr_line' id='line_1_11' title="bbox 694 1514 2614 1610; baseline -0.004 -16"><span class='ocrx_word' id='word_1_78' title='bbox 694 1544 835 1607; x_wconf 83' lang='lat' dir='ltr'><strong>na,</strong></span> <span class='ocrx_word' id='word_1_79' title='bbox 882 1517 1103 1588; x_wconf 87' lang='lat' dir='ltr'><strong>alium</strong></span> <span class='ocrx_word' id='word_1_80' title='bbox 1140 1517 1215 1587; x_wconf 91' lang='lat' dir='ltr'><strong>in</strong></span> <span class='ocrx_word' id='word_1_81' title='bbox 1252 1517 1448 1603; x_wconf 84' lang='lat' dir='ltr'><strong>aula;</strong></span> <span class='ocrx_word' id='word_1_82' title='bbox 1493 1514 1826 1586; x_wconf 82' lang='lat' dir='ltr'><strong>ostendet</strong></span> <span class='ocrx_word' id='word_1_83' title='bbox 1857 1514 2035 1586; x_wconf 90' lang='lat' dir='ltr'><strong>mihi</strong></span> <span class='ocrx_word' id='word_1_84' title='bbox 2081 1514 2410 1610; x_wconf 84' lang='lat' dir='ltr'><strong>lepidum</strong></span> <span class='ocrx_word' id='word_1_85' title='bbox 2439 1517 2614 1610; x_wconf 86' lang='lat' dir='ltr'><strong>phi-</strong></span> 
     </span>
     <span class='ocr_line' id='line_1_12' title="bbox 691 1621 2616 1723; baseline -0.002 -21"><span class='ocrx_word' id='word_1_86' title='bbox 691 1627 1078 1723; x_wconf 88' lang='lat' dir='ltr'><strong>losophum</strong></span> <span class='ocrx_word' id='word_1_87' title='bbox 1120 1621 1525 1696; x_wconf 84' lang='lat' dir='ltr'><strong>Aristonem</strong></span> <span class='ocrx_word' id='word_1_88' title='bbox 1547 1676 1568 1713; x_wconf 91' lang='lat'>‚</span> <span class='ocrx_word' id='word_1_89' title='bbox 1607 1626 1736 1719; x_wconf 88' lang='lat' dir='ltr'><strong>qui</strong></span> <span class='ocrx_word' id='word_1_90' title='bbox 1781 1624 1863 1696; x_wconf 87' lang='lat' dir='ltr'><strong>in·</strong></span> <span class='ocrx_word' id='word_1_91' title='bbox 1891 1625 2278 1723; x_wconf 70' lang='lat' dir='ltr'><strong>gestatione</strong></span> <span class='ocrx_word' id='word_1_92' title='bbox 2318 1625 2616 1698; x_wconf 87' lang='lat' dir='ltr'><strong>dissere-</strong></span> 
     </span>
     <span class='ocr_line' id='line_1_13' title="bbox 692 1731 2614 1831; baseline -0.004 -21"><span class='ocrx_word' id='word_1_93' title='bbox 692 1737 821 1810; x_wconf 87' lang='lat' dir='ltr'><strong>bat</strong></span> <span class='ocrx_word' id='word_1_94' title='bbox 840 1787 865 1822; x_wconf 89' lang='lat'>,</span> <span class='ocrx_word' id='word_1_95' title='bbox 914 1737 1053 1806; x_wconf 88' lang='lat' dir='ltr'><strong>hoc</strong></span> <span class='ocrx_word' id='word_1_96' title='bbox 1090 1737 1283 1806; x_wconf 86' lang='lat' dir='ltr'><strong>enim</strong></span> <span class='ocrx_word' id='word_1_97' title='bbox 1322 1733 1415 1805; x_wconf 88' lang='lat' dir='ltr'><strong>ad</strong></span> <span class='ocrx_word' id='word_1_98' title='bbox 1463 1731 1770 1807; x_wconf 85' lang='lat' dir='ltr'><strong>edendas</strong></span> <span class='ocrx_word' id='word_1_99' title='bbox 1801 1757 2046 1830; x_wconf 81' lang='lat' dir='ltr'><strong>operas</strong></span> <span class='ocrx_word' id='word_1_100' title='bbox 2081 1754 2367 1831; x_wconf 80' lang='lat' dir='ltr'><strong>tempus</strong></span> <span class='ocrx_word' id='word_1_101' title='bbox 2403 1757 2614 1807; x_wconf 79' lang='lat' dir='ltr'><strong>exce-</strong></span> 
     </span>
     <span class='ocr_line' id='line_1_14' title="bbox 693 1843 2612 1942; baseline -0.001 -23"><span class='ocrx_word' id='word_1_102' title='bbox 693 1863 915 1942; x_wconf 81' lang='lat' dir='ltr'><strong>perat.</strong></span> <span class='ocrx_word' id='word_1_103' title='bbox 952 1843 1065 1916; x_wconf 92' lang='lat' dir='ltr'><strong>De</strong></span> <span class='ocrx_word' id='word_1_104' title='bbox 1088 1847 1287 1916; x_wconf 87' lang='lat' dir='ltr'><strong>cuius</strong></span> <span class='ocrx_word' id='word_1_105' title='bbox 1319 1861 1505 1915; x_wconf 87' lang='lat' dir='ltr'><strong>secta</strong></span> <span class='ocrx_word' id='word_1_106' title='bbox 1533 1869 1765 1938; x_wconf 88' lang='lat' dir='ltr'><strong>quum</strong></span> <span class='ocrx_word' id='word_1_107' title='bbox 1787 1862 2242 1936; x_wconf 80' lang='lat' dir='ltr'><strong>quaereretur</strong></span> <span class='ocrx_word' id='word_1_108' title='bbox 2265 1844 2566 1918; x_wconf 88' lang='lat' dir='ltr'><strong>Scaurus</strong></span> <span class='ocrx_word' id='word_1_109' title='bbox 2583 1899 2612 1938; x_wconf 89' lang='lat'>,</span> 
     </span>
     <span class='ocr_line' id='line_1_15' title="bbox 690 1955 2610 2050; baseline 0 -18"><span class='ocrx_word' id='word_1_110' title='bbox 690 1960 833 2032; x_wconf 82' lang='lat' dir='ltr'><strong>ait:</strong></span> <span class='ocrx_word' id='word_1_111' title='bbox 896 1957 1167 2050; x_wconf 86' lang='lat' dir='ltr'><strong>Utique</strong></span> <span class='ocrx_word' id='word_1_112' title='bbox 1226 1955 1725 2050; x_wconf 75' lang='lat' dir='ltr'><strong>Peripateticus</strong></span> <span class='ocrx_word' id='word_1_113' title='bbox 1773 1977 1926 2028; x_wconf 89' lang='lat' dir='ltr'><strong>non</strong></span> <span class='ocrx_word' id='word_1_114' title='bbox 1971 1959 2116 2028; x_wconf 83' lang='lat' dir='ltr'><strong>est!</strong></span> <span class='ocrx_word' id='word_1_115' title='bbox 2179 1959 2292 2030; x_wconf 92' lang='lat' dir='ltr'><strong>De</strong></span> <span class='ocrx_word' id='word_1_116' title='bbox 2339 1959 2610 2032; x_wconf 87' lang='lat' dir='ltr'><strong>eodem</strong></span> 
     </span>
     <span class='ocr_line' id='line_1_16' title="bbox 692 2067 2612 2169; baseline 0.003 -29"><span class='ocrx_word' id='word_1_117' title='bbox 692 2093 929 2166; x_wconf 88' lang='lat' dir='ltr'><strong>quum</strong></span> <span class='ocrx_word' id='word_1_118' title='bbox 980 2069 1466 2140; x_wconf 86' lang='lat' dir='ltr'><strong>consuleretur</strong></span> <span class='ocrx_word' id='word_1_119' title='bbox 1508 2068 1726 2150; x_wconf 83' lang='lat' dir='ltr'><strong>Iulius</strong></span> <span class='ocrx_word' id='word_1_120' title='bbox 1769 2067 2199 2158; x_wconf 49' lang='lat' dir='ltr'><strong>Graecinum</strong></span> <span class='ocrx_word' id='word_1_121' title='bbox 2245 2070 2354 2142; x_wconf 80' lang='lat' dir='ltr'><strong>vir</strong></span> <span class='ocrx_word' id='word_1_122' title='bbox 2403 2096 2612 2169; x_wconf 87' lang='lat' dir='ltr'><strong>egre-</strong></span> 
     </span>
     <span class='ocr_line' id='line_1_17' title="bbox 688 2172 2615 2276; baseline 0.004 -33"><span class='ocrx_word' id='word_1_123' title='bbox 688 2179 876 2276; x_wconf 84' lang='lat' dir='ltr'><strong>gius,</strong></span> <span class='ocrx_word' id='word_1_124' title='bbox 896 2172 1077 2270; x_wconf 88' lang='lat' dir='ltr'><strong>quid</strong></span> <span class='ocrx_word' id='word_1_125' title='bbox 1099 2175 1422 2246; x_wconf 75' lang='lat' dir='ltr'><strong>sentiret:</strong></span> <span class='ocrx_word' id='word_1_126' title='bbox 1461 2173 1535 2244; x_wconf 93' lang='lat' dir='ltr'>N</span> <span class='ocrx_word' id='word_1_127' title='bbox 1539 2196 1636 2243; x_wconf 88' lang='lat' dir='ltr'><strong>on</strong></span> <span class='ocrx_word' id='word_1_128' title='bbox 1659 2196 1948 2268; x_wconf 86' lang='lat' dir='ltr'><strong>possum</strong></span> <span class='ocrx_word' id='word_1_129' title='bbox 1966 2224 1991 2262; x_wconf 88' lang='lat'><strong>,</strong></span> <span class='ocrx_word' id='word_1_130' title='bbox 2021 2177 2298 2270; x_wconf 86' lang='lat' dir='ltr'><strong>inquit,</strong></span> <span class='ocrx_word' id='word_1_131' title='bbox 2335 2178 2472 2250; x_wconf 84' lang='lat' dir='ltr'><strong>tibi&#39;</strong></span> <span class='ocrx_word' id='word_1_132' title='bbox 2498 2180 2615 2250; x_wconf 89' lang='lat' dir='ltr'><strong>di-</strong></span> 
     </span>
     <span class='ocr_line' id='line_1_18' title="bbox 692 2282 2641 2384; baseline 0.001 -23"><span class='ocrx_word' id='word_1_133' title='bbox 692 2309 888 2360; x_wconf 85' lang='lat' dir='ltr'><strong>cere:</strong></span> <span class='ocrx_word' id='word_1_134' title='bbox 914 2283 1152 2358; x_wconf 83' lang='lat' dir='ltr'><strong>nescio</strong></span> <span class='ocrx_word' id='word_1_135' title='bbox 1180 2283 1373 2362; x_wconf 86' lang='lat' dir='ltr'><strong>enim</strong></span> <span class='ocrx_word' id='word_1_136' title='bbox 1396 2282 1577 2377; x_wconf 88' lang='lat' dir='ltr'><strong>quid</strong></span> <span class='ocrx_word' id='word_1_137' title='bbox 1601 2283 1694 2358; x_wconf 89' lang='lat' dir='ltr'><strong>de</strong></span> <span class='ocrx_word' id='word_1_138' title='bbox 1710 2285 1932 2384; x_wconf 85' lang='lat' dir='ltr'><strong>gradu</strong></span> <span class='ocrx_word' id='word_1_139' title='bbox 1959 2285 2162 2361; x_wconf 88' lang='lat' dir='ltr'><strong>faciat</strong></span> <span class='ocrx_word' id='word_1_140' title='bbox 2187 2291 2204 2360; x_wconf 73' lang='grc' dir='ltr'><strong>Ξ</strong></span> <span class='ocrx_word' id='word_1_141' title='bbox 2228 2306 2609 2384; x_wconf 84' lang='lat' dir='ltr'><strong>tamquam</strong></span> <span class='ocrx_word' id='word_1_142' title='bbox 2633 2315 2641 2328; x_wconf 88' lang='lat'><strong>·</strong></span> 
     </span>
     <span class='ocr_line' id='line_1_19' title="bbox 694 2393 2610 2495; baseline 0.002 -24"><span class='ocrx_word' id='word_1_143' title='bbox 694 2399 791 2473; x_wconf 88' lang='lat' dir='ltr'><strong>de</strong></span> <span class='ocrx_word' id='word_1_144' title='bbox 834 2395 1175 2471; x_wconf 76' lang='lat' dir='ltr'><strong>essedario</strong></span> <span class='ocrx_word' id='word_1_145' title='bbox 1222 2393 1788 2495; x_wconf 84' lang='lat' dir='ltr'><strong>interrogaretur.</strong></span> <span class='ocrx_word' id='word_1_146' title='bbox 1842 2397 1996 2470; x_wconf 90' lang='lat' dir='ltr'><strong>Hos</strong></span> <span class='ocrx_word' id='word_1_147' title='bbox 2028 2399 2202 2471; x_wconf 86' lang='lat' dir='ltr'><strong>mihi</strong></span> <span class='ocrx_word' id='word_1_148' title='bbox 2223 2403 2610 2475; x_wconf 82' lang='lat' dir='ltr'><strong>circulato-</strong></span> 
     </span>
     <span class='ocr_line' id='line_1_20' title="bbox 688 2505 2596 2611; baseline 0.004 -33"><span class='ocrx_word' id='word_1_149' title='bbox 688 2536 796 2593; x_wconf 70' lang='lat' dir='ltr'><strong>res</strong></span> <span class='ocrx_word' id='word_1_150' title='bbox 819 2560 844 2598; x_wconf 84' lang='lat'><strong>,</strong></span> <span class='ocrx_word' id='word_1_151' title='bbox 902 2508 1035 2603; x_wconf 87' lang='lat' dir='ltr'><strong>qui</strong></span> <span class='ocrx_word' id='word_1_152' title='bbox 1084 2505 1607 2602; x_wconf 74' lang='lat' dir='ltr'><strong>philosophiam</strong></span> <span class='ocrx_word' id='word_1_153' title='bbox 1663 2509 2024 2581; x_wconf 79' lang='lat' dir='ltr'><strong>honestius</strong></span> <span class='ocrx_word' id='word_1_154' title='bbox 2073 2514 2596 2611; x_wconf 80' lang='lat' dir='ltr'><strong>neglexissent,</strong></span> 
     </span>
     <span class='ocr_line' id='line_1_21' title="bbox 626 2613 2606 2715; baseline 0.001 -24"><span class='ocrx_word' id='word_1_155' title='bbox 626 2704 633 2711; x_wconf 37' lang='grc'>,</span> <span class='ocrx_word' id='word_1_156' title='bbox 688 2643 909 2713; x_wconf 89' lang='lat' dir='ltr'><strong>quam</strong></span> <span class='ocrx_word' id='word_1_157' title='bbox 935 2614 1308 2703; x_wconf 84' lang='lat' dir='ltr'><strong>vendunt,</strong></span> <span class='ocrx_word' id='word_1_158' title='bbox 1346 2613 1424 2686; x_wconf 89' lang='lat' dir='ltr'><strong>in</strong></span> <span class='ocrx_word' id='word_1_159' title='bbox 1450 2613 1702 2686; x_wconf 84' lang='lat' dir='ltr'><strong>faciem</strong></span> <span class='ocrx_word' id='word_1_160' title='bbox 1738 2615 2030 2715; x_wconf 87' lang='lat' dir='ltr'><strong>ingeret.</strong></span> <span class='ocrx_word' id='word_1_161' title='bbox 2087 2620 2444 2693; x_wconf 85' lang='lat' dir='ltr'><strong>Constitui</strong></span> <span class='ocrx_word' id='word_1_162' title='bbox 2491 2638 2606 2695; x_wconf 86' lang='lat' dir='ltr'><strong>ta·-</strong></span> 
     </span>
    </p>
   </div>
   <div class='ocr_carea' id='block_1_3' title="bbox 554 2722 2593 2819">
    <p class='ocr_par' dir='ltr' id='par_1_3' title="bbox 554 2722 2593 2819">
     <span class='ocr_line' id='line_1_22' title="bbox 554 2722 2593 2819; baseline 0.001 -19"><span class='ocrx_word' id='word_1_163' title='bbox 554 2801 567 2815; x_wconf 77' lang='grc'><strong><em>,</em></strong></span> <span class='ocrx_word' id='word_1_164' title='bbox 684 2751 859 2801; x_wconf 82' lang='lat' dir='ltr'><strong>men</strong></span> <span class='ocrx_word' id='word_1_165' title='bbox 875 2726 1343 2799; x_wconf 80' lang='lat' dir='ltr'><strong>contumelias</strong></span> <span class='ocrx_word' id='word_1_166' title='bbox 1360 2722 1656 2819; x_wconf 83' lang='lat' dir='ltr'><strong>perpeti.</strong></span> <span class='ocrx_word' id='word_1_167' title='bbox 1686 2724 1976 2799; x_wconf 84' lang='lat' dir='ltr'><strong>Moveat</strong></span> <span class='ocrx_word' id='word_1_168' title='bbox 1991 2727 2124 2801; x_wconf 76' lang='lat' dir='ltr'><strong>ille</strong></span> <span class='ocrx_word' id='word_1_169' title='bbox 2147 2730 2320 2800; x_wconf 83' lang='lat' dir='ltr'><strong>mihi</strong></span> <span class='ocrx_word' id='word_1_170' title='bbox 2343 2732 2593 2803; x_wconf 79' lang='lat' dir='ltr'><strong>risum:</strong></span> 
     </span>
    </p>
   </div>
   <div class='ocr_carea' id='block_1_4' title="bbox 641 2833 2602 3913">
    <p class='ocr_par' dir='ltr' id='par_1_4' title="bbox 641 2833 2602 3913">
     <span class='ocr_line' id='line_1_23' title="bbox 683 2833 2602 2936; baseline 0.002 -26"><span class='ocrx_word' id='word_1_171' title='bbox 683 2860 821 2936; x_wconf 86' lang='lat' dir='ltr'><strong>ego</strong></span> <span class='ocrx_word' id='word_1_172' title='bbox 859 2835 1145 2907; x_wconf 84' lang='lat' dir='ltr'><strong>fortasse</strong></span> <span class='ocrx_word' id='word_1_173' title='bbox 1184 2833 1290 2905; x_wconf 84' lang='lat' dir='ltr'><strong>ini</strong></span> <span class='ocrx_word' id='word_1_174' title='bbox 1326 2834 1644 2905; x_wconf 85' lang='lat' dir='ltr'><strong>lacrimas</strong></span> <span class='ocrx_word' id='word_1_175' title='bbox 1683 2836 2042 2923; x_wconf 59' lang='lat' dir='ltr'><strong>movebo}</strong></span> <span class='ocrx_word' id='word_1_176' title='bbox 2089 2857 2254 2929; x_wconf 90' lang='lat' dir='ltr'><strong>aut,</strong></span> <span class='ocrx_word' id='word_1_177' title='bbox 2281 2841 2337 2911; x_wconf 89' lang='lat' dir='ltr'><strong>si</strong></span> <span class='ocrx_word' id='word_1_178' title='bbox 2362 2843 2602 2914; x_wconf 87' lang='lat' dir='ltr'><strong>ridere</strong></span> 
     </span>
     <span class='ocr_line' id='line_1_24' title="bbox 682 2938 2599 3043; baseline 0.004 -29"><span class='ocrx_word' id='word_1_179' title='bbox 682 2940 1193 3039; x_wconf 81' lang='lat' dir='ltr'><strong>perseverabit,</strong></span> <span class='ocrx_word' id='word_1_180' title='bbox 1223 2938 1555 3041; x_wconf 86' lang='lat' dir='ltr'><strong>gaudebo</strong></span> <span class='ocrx_word' id='word_1_181' title='bbox 1573 2994 1594 3031; x_wconf 91' lang='lat'>‚</span> <span class='ocrx_word' id='word_1_182' title='bbox 1625 2961 1994 3036; x_wconf 82' lang='lat' dir='ltr'><strong>tamquam</strong></span> <span class='ocrx_word' id='word_1_183' title='bbox 2025 2946 2101 3015; x_wconf 91' lang='lat' dir='ltr'><strong>in</strong></span> <span class='ocrx_word' id='word_1_184' title='bbox 2131 2949 2350 3037; x_wconf 85' lang='lat' dir='ltr'><strong>malis,</strong></span> <span class='ocrx_word' id='word_1_185' title='bbox 2381 2950 2599 3043; x_wconf 84' lang='lat' dir='ltr'><strong>quod</strong></span> 
     </span>
     <span class='ocr_line' id='line_1_25' title="bbox 680 3050 2600 3153; baseline 0.005 -31"><span class='ocrx_word' id='word_1_186' title='bbox 680 3052 787 3143; x_wconf 87' lang='lat' dir='ltr'><strong>illi</strong></span> <span class='ocrx_word' id='word_1_187' title='bbox 828 3076 1052 3150; x_wconf 83' lang='lat' dir='ltr'><strong>genus</strong></span> <span class='ocrx_word' id='word_1_188' title='bbox 1100 3052 1408 3126; x_wconf 69' lang='lat' dir='ltr'><strong>insaniae</strong></span> <span class='ocrx_word' id='word_1_189' title='bbox 1433 3050 1652 3123; x_wconf 88' lang='lat' dir='ltr'><strong>hilare</strong></span> <span class='ocrx_word' id='word_1_190' title='bbox 1695 3053 2086 3153; x_wconf 86' lang='lat' dir='ltr'><strong>contigerit.</strong></span> <span class='ocrx_word' id='word_1_191' title='bbox 2123 3050 2269 3129; x_wconf 87' lang='lat' dir='ltr'><strong>Sed</strong></span> <span class='ocrx_word' id='word_1_192' title='bbox 2301 3082 2452 3135; x_wconf 85' lang='lat' dir='ltr'><strong>non</strong></span> <span class='ocrx_word' id='word_1_193' title='bbox 2489 3076 2600 3133; x_wconf 90' lang='lat' dir='ltr'><strong>est</strong></span> 
     </span>
     <span class='ocr_line' id='line_1_26' title="bbox 678 3160 2600 3259; baseline 0.004 -26"><span class='ocrx_word' id='word_1_194' title='bbox 678 3161 800 3234; x_wconf 85' lang='lat' dir='ltr'><strong>illa</strong></span> <span class='ocrx_word' id='word_1_195' title='bbox 834 3162 1135 3233; x_wconf 84' lang='lat' dir='ltr'><strong>hilaritas</strong></span> <span class='ocrx_word' id='word_1_196' title='bbox 1175 3162 1418 3259; x_wconf 72' lang='lat' dir='ltr'><strong>longa:</strong></span> <span class='ocrx_word' id='word_1_197' title='bbox 1453 3160 1790 3246; x_wconf 82' lang='lat' dir='ltr'><strong>observa3</strong></span> <span class='ocrx_word' id='word_1_198' title='bbox 1841 3163 2122 3236; x_wconf 86' lang='lat' dir='ltr'><strong>videbis</strong></span> <span class='ocrx_word' id='word_1_199' title='bbox 2147 3168 2438 3240; x_wconf 86' lang='lat' dir='ltr'><strong>eosdem</strong></span> <span class='ocrx_word' id='word_1_200' title='bbox 2476 3170 2600 3242; x_wconf 84' lang='lat' dir='ltr'><strong>in·-</strong></span> 
     </span>
     <span class='ocr_line' id='line_1_27' title="bbox 641 3272 2601 3368; baseline 0.006 -25"><span class='ocrx_word' id='word_1_201' title='bbox 641 3303 648 3316; x_wconf 85' lang='grc'><em>·</em></span> <span class='ocrx_word' id='word_1_202' title='bbox 679 3288 787 3343; x_wconf 87' lang='lat' dir='ltr'><strong>tra</strong></span> <span class='ocrx_word' id='word_1_203' title='bbox 816 3272 1159 3368; x_wconf 79' lang='lat' dir='ltr'><strong>exiguum</strong></span> <span class='ocrx_word' id='word_1_204' title='bbox 1186 3286 1472 3363; x_wconf 86' lang='lat' dir='ltr'><strong>tempus</strong></span> <span class='ocrx_word' id='word_1_205' title='bbox 1503 3272 1840 3343; x_wconf 82' lang='lat' dir='ltr'><strong>acerrime</strong></span> <span class='ocrx_word' id='word_1_206' title='bbox 1865 3272 2128 3365; x_wconf 85' lang='lat' dir='ltr'><strong>ridere,</strong></span> <span class='ocrx_word' id='word_1_207' title='bbox 2155 3292 2230 3348; x_wconf 85' lang='lat' dir='ltr'><strong>et</strong></span> <span class='ocrx_word' id='word_1_208' title='bbox 2252 3280 2601 3355; x_wconf 84' lang='lat' dir='ltr'><strong>acerrime</strong></span> 
     </span>
     <span class='ocr_line' id='line_1_28' title="bbox 676 3381 2600 3481; baseline -0.001 -24"><span class='ocrx_word' id='word_1_209' title='bbox 676 3383 938 3457; x_wconf 77' lang='lat' dir='ltr'><strong>tabere.</strong></span> <span class='ocrx_word' id='word_1_210' title='bbox 981 3381 1435 3475; x_wconf 89' lang='lat' dir='ltr'><strong>Propositum</strong></span> <span class='ocrx_word' id='word_1_211' title='bbox 1481 3396 1583 3453; x_wconf 87' lang='lat' dir='ltr'><strong>est</strong></span> <span class='ocrx_word' id='word_1_212' title='bbox 1617 3381 1906 3481; x_wconf 84' lang='lat' dir='ltr'><strong>adgredi</strong></span> <span class='ocrx_word' id='word_1_213' title='bbox 1939 3382 2183 3470; x_wconf 82' lang='lat' dir='ltr'><strong>illum,</strong></span> <span class='ocrx_word' id='word_1_214' title='bbox 2233 3401 2307 3456; x_wconf 92' lang='lat' dir='ltr'><strong>et</strong></span> <span class='ocrx_word' id='word_1_215' title='bbox 2355 3402 2600 3458; x_wconf 88' lang='lat' dir='ltr'><strong>osten-</strong></span> 
     </span>
     <span class='ocr_line' id='line_1_29' title="bbox 678 3489 2600 3584; baseline 0.002 -22"><span class='ocrx_word' id='word_1_216' title='bbox 678 3490 849 3563; x_wconf 88' lang='lat' dir='ltr'><strong>dere</strong></span> <span class='ocrx_word' id='word_1_217' title='bbox 877 3504 1155 3584; x_wconf 87' lang='lat' dir='ltr'><strong>quanto</strong></span> <span class='ocrx_word' id='word_1_218' title='bbox 1212 3489 1432 3584; x_wconf 88' lang='lat' dir='ltr'><strong>pluris</strong></span> <span class='ocrx_word' id='word_1_219' title='bbox 1465 3489 1712 3577; x_wconf 86' lang='lat' dir='ltr'><strong>fuerit,</strong></span> <span class='ocrx_word' id='word_1_220' title='bbox 1747 3514 1980 3584; x_wconf 90' lang='lat' dir='ltr'><strong>quum</strong></span> <span class='ocrx_word' id='word_1_221' title='bbox 2015 3493 2260 3566; x_wconf 87' lang='lat' dir='ltr'><strong>multis</strong></span> <span class='ocrx_word' id='word_1_222' title='bbox 2297 3494 2600 3567; x_wconf 89' lang='lat' dir='ltr'><strong>minoris</strong></span> 
     </span>
     <span class='ocr_line' id='line_1_30' title="bbox 676 3594 2596 3694; baseline 0.006 -27"><span class='ocrx_word' id='word_1_223' title='bbox 676 3598 1058 3670; x_wconf 80' lang='lat' dir='ltr'><strong>videretur.</strong></span> <span class='ocrx_word' id='word_1_224' title='bbox 1091 3594 1283 3671; x_wconf 88' lang='lat' dir='ltr'><strong>Vitia</strong></span> <span class='ocrx_word' id='word_1_225' title='bbox 1310 3597 1458 3675; x_wconf 86' lang='lat' dir='ltr'><strong>eius</strong></span> <span class='ocrx_word' id='word_1_226' title='bbox 1476 3649 1499 3686; x_wconf 93' lang='lat'>,</span> <span class='ocrx_word' id='word_1_227' title='bbox 1540 3601 1752 3673; x_wconf 87' lang='lat' dir='ltr'><strong>etiam</strong></span> <span class='ocrx_word' id='word_1_228' title='bbox 1783 3600 1838 3673; x_wconf 90' lang='lat' dir='ltr'><strong>si</strong></span> <span class='ocrx_word' id='word_1_229' title='bbox 1868 3626 2018 3675; x_wconf 90' lang='lat' dir='ltr'><strong>non</strong></span> <span class='ocrx_word' id='word_1_230' title='bbox 2047 3605 2446 3694; x_wconf 84' lang='lat' dir='ltr'><strong>excidero,·</strong></span> <span class='ocrx_word' id='word_1_231' title='bbox 2471 3606 2596 3679; x_wconf 86' lang='lat' dir='ltr'><strong>in-</strong></span> 
     </span>
     <span class='ocr_line' id='line_1_31' title="bbox 676 3706 2600 3804; baseline 0.008 -27"><span class='ocrx_word' id='word_1_232' title='bbox 676 3706 988 3786; x_wconf 76' lang='lat' dir='ltr'><strong>hibeboz</strong></span> <span class='ocrx_word' id='word_1_233' title='bbox 1024 3731 1179 3781; x_wconf 90' lang='lat' dir='ltr'><strong>non</strong></span> <span class='ocrx_word' id='word_1_234' title='bbox 1202 3710 1528 3784; x_wconf 86' lang='lat' dir='ltr'><strong>desinent</strong></span> <span class='ocrx_word' id='word_1_235' title='bbox 1547 3761 1569 3799; x_wconf 92' lang='lat'><strong>,</strong></span> <span class='ocrx_word' id='word_1_236' title='bbox 1609 3711 1732 3785; x_wconf 82' lang='lat' dir='ltr'><strong>sed</strong></span> <span class='ocrx_word' id='word_1_237' title='bbox 1755 3713 2270 3804; x_wconf 84' lang='lat' dir='ltr'><strong>intermittent;</strong></span> <span class='ocrx_word' id='word_1_238' title='bbox 2301 3714 2600 3793; x_wconf 81' lang='lat' dir='ltr'><strong>fortasse</strong></span> 
     </span>
     <span class='ocr_line' id='line_1_32' title="bbox 676 3818 2598 3913; baseline 0.007 -24"><span class='ocrx_word' id='word_1_239' title='bbox 676 3832 921 3892; x_wconf 75' lang='lat' dir='ltr'><strong>autem</strong></span> <span class='ocrx_word' id='word_1_240' title='bbox 960 3834 1037 3891; x_wconf 88' lang='lat' dir='ltr'><strong>et</strong></span> <span class='ocrx_word' id='word_1_241' title='bbox 1060 3818 1386 3893; x_wconf 83' lang='lat' dir='ltr'><strong>desinent</strong></span> <span class='ocrx_word' id='word_1_242' title='bbox 1401 3869 1431 3913; x_wconf 86' lang='lat'>‚</span> <span class='ocrx_word' id='word_1_243' title='bbox 1483 3820 1541 3895; x_wconf 87' lang='lat' dir='ltr'><strong>si</strong></span> <span class='ocrx_word' id='word_1_244' title='bbox 1565 3819 2089 3900; x_wconf 84' lang='lat' dir='ltr'><strong>intermittendi</strong></span> <span class='ocrx_word' id='word_1_245' title='bbox 2120 3826 2598 3901; x_wconf 80' lang='lat' dir='ltr'><strong>consuetudi-</strong></span> 
     </span>
    </p>
   </div>
  </div>
 </body>
</html>
