2809 4850
598 476 606 484 ,
682 397 825 496 278
1053 395 1137 469 L.
1189 377 1654 468 ANNAEr
1693 390 2220 468 SENECAE

678 555 1013 629 omnibus
1038 573 1205 630 ante
1224 573 1299 628 te
1317 605 1341 643 ,
1370 555 1511 628 hoc
1543 556 1882 628 omnibus
1909 571 2074 652 post
2097 571 2191 628 te.
2231 551 2464 628 Series
2483 555 2616 626 in·-

675 667 859 740 victa
878 717 902 754 ,
946 685 1019 739 et
1054 669 1257 738 nulla
1296 667 1660 738 mutabilis
1685 691 1827 761 ope
1851 718 1876 754 ,
1915 667 2234 764 inligavit
2265 690 2346 738 ac
2377 666 2612 738 trahit

672 791 945 848 cuncta.
976 779 1313 884 Quantus
1340 791 1417 847 te
1439 779 1756 884 popul-us
1797 785 2252 850 mortuorum
2281 771 2614 870 praeees-

636 886 789 962 ,sin
826 906 1139 981 quantus
1172 887 1689 958 moriturorum
1715 890 2094 980 sequetur!
2137 902 2454 979 quantus
2475 909 2610 957 co-

668 995 1081 1066 mitabitur!
1121 995 1460 1083 fortior,
1503 1013 1588 1066 ut
1639 995 1934 1088 opinor,
1985 1019 2206 1080 esses,
2257 993 2314 1064 si
2365 995 2608 1064 multa

668 1105 895 1174 millia
936 1103 1069 1174 tibi
1114 1120 1754 1176 commorerentur.
1810 1103 2038 1196 Atqui
2077 1105 2315 1198 multa
2365 1102 2602 1172 millia

670 1212 1055 1284 hominum
1086 1229 1159 1284 et
1182 1213 1600 1284 animalium
1633 1213 1770 1284 hoc
1797 1212 1951 1306 ipso
1983 1227 2410 1299 momente,
2441 1237 2602 1304 quo

672 1335 755 1392 tu
792 1321 974 1393 mori
1012 1321 1325 1412 dubitas,
1372 1325 1686 1394 animam
1727 1323 1926 1392 variis
1963 1322 2341 1420 generibus
2381 1321 2602 1392 emit·-

670 1443 853 1498 tunt.
878 1427 999 1497 Tu
1022 1445 1265 1500 autern
1303 1451 1456 1500 non
1485 1428 1814 1522 putabas,
1853 1443 1928 1498 te
1955 1427 2347 1520 aliquando
2387 1425 2599 1496 ad‘id

670 1541 1189 1630 perventurum
1212 1587 1235 1623 ,
1258 1538 1352 1609 ad
1372 1539 1584 1632 quod
1612 1561 1892 1632 semper
1921 1537 2114 1609 ibas?
2161 1536 2480 1609 Nullum
2507 1535 2598 1606 si-

668 1671 767 1718 ne
792 1651 989 1719 exitu
1018 1651 1153 1720 iter
1174 1665 1294 1719 est.

676 1789 687 1798 ·
764 1758 1112 1852 Exempla
1148 1783 1345 1832 nunc
1370 1782 1800 1856 magnorum
1827 1758 2146 1830 virorum
2169 1781 2290 1828 me
2319 1755 2452 1828 tibi
2483 1755 2595 1828 iu·-

671 1868 861 1939 dicas
898 1870 1288 1940 relaturum
1311 1870 1345 1938 i’
1393 1889 1788 1964 puerorum
1832 1865 2149 1938 referam.
2201 1865 2454 1945 Lacon
2477 1865 2594 1936 ille

670 1978 1061 2050 memoriae
1102 1978 1403 2050 traditur
1455 1975 1790 2070 impubes
1835 1975 2107 2064 adhuc,
2163 1975 2292 2069 qui
2343 1991 2592 2068 captus

670 2087 1057 2173 clamabat,
1114 2113 1241 2156 non
1284 2087 1607 2158 serviam!
1649 2108 1776 2154 sua
1827 2084 1944 2154 illa
1986 2083 2250 2156 Dorica
2302 2085 2588 2182 lingua3

670 2211 749 2262 et
780 2193 1021 2279 „verbis
1066 2196 1289 2266 fidem
1334 2193 1676 2291 inposuit.
1727 2192 1826 2266 Ut
1865 2194 2184 2286 primurn
2223 2195 2448 2289 iussup
2491 2211 2592 2266 est

670 2300 877 2398 fungi
906 2305 1131 2374 servili
1160 2321 1235 2374 et
1261 2301 1790 2376 contumelioso
1817 2300 2237 2389 ministeria,
2275 2300 2586 2397 (adferre

670 2410 867 2481 enim
892 2437 1007 2483 vas
1033 2413 1480 2485 obscoenum
1519 2408 2003 2510 iubebatur,)
2033 2409 2324 2485 inlisum
2359 2411 2584 2505 parie-

667 2518 727 2587 ti
766 2538 983 2611 caput
1012 2521 1228 2614 rupit.
1272 2522 1460 2591 Tam
1501 2544 1732 2615 prope
1762 2522 2062 2606 libertas,
2089 2527 2226 2594 est!
2277 2537 2354 2593 et
2378 2525 2585 2594 servit

664 2627 973 2719 aliquis?
1018 2630 1127 2701 Ita
1162 2653 1317 2701 non
1358 2632 1456 2702 sic
1499 2631 1727 2725 perire
1759 2632 1988 2705 filium
2036 2647 2251 2707 tuum
2295 2634 2580 2720 mallee,

667 2760 889 2828 quam
935 2762 1063 2831 per
1098 2739 1428 2813 inertiam
1473 2764 1716 2813 senem
1747 2741 1940 2813 fieri.
1922 2742 1956 2795 Ρ
2000 2742 2210 2850 Quid
2243 2765 2410 2839 ergo
2437 2758 2536 2811 est
2557 2790 2586 2829 ,

668 2872 799 2921 cur
814 2849 1279 2943 perturberis,
1310 2852 1369 2923 si
1392 2852 1576 2923 mori
1599 2852 1877 2923 fortiter
1900 2851 2114 2923 etiam
2141 2854 2416 2945 puerile
2436 2852 2581 2923 est?

667 2958 849 3029 Puta
876 2964 1073 3033 nolle
1096 2977 1169 3033 te
1200 2964 1453 3055 sequi,
1481 2964 1776 3035 duceris.
1817 2962 1952 3033 Fac
1993 2964 2102 3033 tui
2127 2962 2336 3050 iuriS,
2379 2961 2580 3055 quod

664 3070 877 3140 alieni
926 3090 1049 3142 est.
1084 3070 1257 3142 Non
1288 3098 1524 3144 sumes
1561 3067 1768 3167 'pueri
1801 3072 2184 3165 spiritum?
2227 3088 2309 3143 ut
2355 3074 2575 3143 dicas:

662 3178 817 3251 Non
847 3185 1109 3254 servio!
1141 3181 1434 3269 Infelix,
1487 3184 1694 3253 servis
1726 3181 2182 3269 hominibuS,
2219 3183 2430 3255 servis
2471 3206 2579 3254 re-

662 3286 799 3358 bus
820 3339 845 3375 ,
902 3291 1112 3361 servis
1158 3292 1363 3364 vitae.
1409 3294 1600 3365 Nam
1632 3294 1774 3363 vita
1797 3346 1820 3383 ,
1875 3293 1934 3364 si
1975 3293 2332 3365 moriendi
2363 3294 2577 3365 virtus

659 3396 897 3484 abest,
932 3399 1223 3471 servitus
1248 3416 1369 3471 est.
1423 3401 1515 3472 Et
1550 3400 1732 3501 quid
1760 3401 1976 3475 habes
1995 3452 2019 3489 ,
2049 3416 2346 3496 propter
2371 3399 2570 3493 quod

658 3506 1067 3600 exspectes?
1104 3507 1571 3633 Voluptates,
1612 3534 1803 3602 quae
1823 3526 1916 3585 ‚te
1947 3525 2320 3581 morantur
2359 3534 2446 3581 ac
2467 3532 2574 3585 re.-

658 3610 941 3705 tinent,
987 3618 1466 3694 consumsisti·
1515 3621 1711 3691 nulla
1755 3620 1893 3691 tibi
1931 3643 2122 3693 nova
2175 3636 2323 3706 θεῖς
2373 3620 2572 3692 nulla

659 3738 813 3791 non
842 3726 981 3795 iam
1016 3726 1300 3799 odiosa
1282 3754 1428 3823 xpsa
1457 3730 1790 3803 satietate.
1822 3732 2008 3837 Quis
2031 3730 2119 3803 sit
2141 3730 2387 3817 mulsi,
2419 3730 2572 3823 quis

656 3825 811 3897 vini
852 3856 1097 3927 sapor,
1134 3836 1309 3927 scin
1342 3838 1527 3912 nihil
1569 3839 1858 3914 interest
1877 3890 1902 3931 ,
1944 3856 2240 3913 centum
2282 3863 2412 3941 per
2452 3862 2570 3911 ve·
