2809 4850
348 365 412 438 E
457 365 514 438 P
560 366 598 438 1
640 364 689 442 S
737 365 809 436 T
857 367 931 439 Ο
980 366 1043 474 L
1089 365 1155 440 A
1228 364 1852 445 Lxxxvlll..·
1906 394 2064 474 351

148 557 281 606 nvn
292 531 595 632 possidet.
629 529 741 602 Ita'
784 557 909 602 non
948 532 1029 604 ab
1058 541 1133 604 ‘eo
1160 534 1442 609 dicitur.
1475 535 1648 631 quod
1675 535 1866 608 habet
1888 564 1928 611 ,··
1957 540 2074 612 sed

148 644 235 714 ab
258 668 326 713 eo
345 696 367 718 ,
394 643 559 740 quod
584 646 643 713 ei
668 644 855 714 deest.
888 643 1183 716 Facilius
1201 698 1221 734 ,
1252 645 1456 739 quod
1479 648 1648 718 volo
1666 697 1688 732 ,
1713 649 2072 740 exprime·-

146 775 309 824 rem
326 805 347 841 ,
375 753 429 822 si
459 751 794 824 Latinum
818 753 1121 838 verbum
1151 770 1357 843 esset,
1388 777 1539 848 quo
1567 743 1951 860 ἀντιπεφξία
1975 763 2068 833 si·-

146 859 547 962 gnificatur.
583 863 789 936 Hanc
810 865 1207 959 paupertati
1234 865 1349 938 ΑΝ
1359 887 1484 939 '111²
1495 888 1706 942 ATER·
1733 873 2066 972 adsignat.

147 972 403 1070 -Ego
423 997 577 1045 non
597 973 816 1046 video
832 1025 855 1062 ,
884 976 1065 1068 qui-d
1088 976 1285 1050 aliud
1310 976 1397 1048 sit
1422 997 1827 1073 paupertas,
1849 1008 2070 1076 quarn

144 1083 351 1176 parvi
398 1083 752 1177 possessio,
812 1083 929 1156 De
982 1085 1118 1158 isto
1170 1085 1580 1160 videbimus
1604 1139 1627 1176 ,
1667 1090 1721 1160 si
1765 1092 2068 1184 quando

146 1192 363 1264 valde
390 1192 707 1280 vacabit,
735 1214 919 1286 quae
946 1191 1034 1264 sit
1061 1192 1466 1269 divitiarum
1484 1246 1507 1284 ‚
1545 1217 1732 1290 quae
1761 1221 2070 1294 pauper-

144 1305 311 1376 tatis
334 1305 783 1378 substantiae
838 1304 963 1374 sed
1009 1322 1189 1376 tunc
1236 1329 1539 1398 quoque
1587 1307 2072 1382 considerabi-

146 1439 347 1504 mus„
386 1415 755 1509 numquid
800 1417 1008 1487 satius
1056 1418 1143 1486 sit
1199 1431 1694 1510 paupertatem
1748 1423 2070 1513 permul-

146 1549 343 1614 cere,
390 1526 653 1598 divitiis
676 1525 965 1597 demere
994 1525 1452 1619 supercilium
1471 1577 1496 1614 ,
1538 1550 1760 1621 quam
1795 1530 2066 1628 litigare

82 1660 91 1664 ·
148 1634 247 1707 de
272 1635 505 1730 verbis
524 1683 549 1724 ‚
585 1634 785 1728 quasi
804 1635 945 1704 iam
968 1634 1067 1704 de
1092 1633 1303 1706 rebus
1334 1633 1733 1706 iudicatum
1769 1636 1898 1707 sit..
1921 1639 2068 1710 Pu·

144 1758 387 1820 temus
412 1771 541 1817 nos
562 1746 653 1818 ad
672 1746 1099 1817 concionem
1125 1760 1433 1820 vocatos.
1468 1747 1622 1818 Lex
1646 1747 1742 1820 de
1767 1742 2068 1821 abolen-

146 1857 257 1929 dis
308 1858 567 1930 divitiis
620 1857 846 1930 fertur
876 1885 891 1928 ε
947 1857 1053 1928 his
1091 1856 1758 1956 interrogationibus
1803 1861 2067 1932 suasuri

140 1985 279 2040 aut
324 1969 692 2041 dissuasuri
736 1963 1025 2040 sumus?
1074 1967 1181 2038 his
1200 1966 1542 2040 ,effecturi
1567 2018 1593 2058 ,
1638 1985 1724 2038 ut
1751 1972 2068 2064 populus

122 2080 513 2155 Romanus
539 2099 1029 2177 paupertatem
1053 2132 1076 2169 ,
1100 2079 1663 2154 fundamentum
1690 2097 1764 2153 et
1781 2107 2068 2158 causam

139 2191 431 2286 imperii
470 2195 625 2280 sui,
675 2194 987 2286 requirat
1028 2217 1110 2264 ac
1156 2192 1440 2281 laudet,
1502 2191 1776 2264 divitias
1819 2210 2066 2266 autern

136 2326 305 2374 suas
327 2303 625 2374 timeat?
668 2319 751 2374 ut
776 2303 1037 2400 cogitet
1056 2353 1079 2390 ,
1117 2303 1237 2372 has
1268 2325 1341 2373 se
1382 2303 1577 2397 apud
1603 2302 1826 2375 victos
1859 2325 2067 2396 repe-

137 2413 339 2497 risse3
373 2412 539 2485 hinc
560 2413 917 2485 ambitum
936 2464 960 2503 ,
988 2430 1062 2484 et
1088 2411 1530 2510 largitiones,
1556 2431 1629 2485 et
1662 2414 2016 2484 tumultus
2038 2464 2066 2503 ,

136 2522 229 2592 in
254 2520 527 2593 Urbem
552 2522 1048 2593 sanctissimam
1076 2522 1930 2615 temperantissimamque
1953 2521 2068 2591 in-

138 2629 459 2725 rupisse3
502 2629 713 2701 nimis
758 2631 1121 2701 luxuriose
1162 2629 1498 2701 ostentari
1537 2630 1862 2727 gentium
1897 2653 2067 2722 spo-

137 2741 240 2811 lia
258 2764 283 2825 ;
304 2736 530 2831 ‘quod
556 2759 741 2807 unus
770 2740 1081 2831 populus
1124 2736 1458 2830 eripuerit
1485 2739 1821 2807 omnibus
1840 2788 1863 2823 ,
1901 2736 2066 2808 faci-

136 2852 283 2921 lius
306 2848 404 2920 ab
428 2845 765 2920 omnibus
788 2847 918 2919 uni
947 2845 1125 2939 eripi
1152 2870 1371 2939 posse.
1406 2881 1477 2897 --
1514 2840 1708 2915 Haec
1733 2844 1940 2915 satius
1963 2860 2068 2916 est

136 2960 442 3033 suadere
460 2984 483 3045 ;
522 2973 597 3029 et
634 2980 1043 3055 expugnare
1063 2955 1418 3041 adfectus,
1463 2978 1616 3026 non
1642 2953 2068 3026 circumscri-

136 3072 339 3143 bere.
374 3065 449 3138 Si
474 3082 888 3161 possumus,
928 3065 1636 3159 fortiusloquamur:
1678 3064 1736 3136 si
1779 3064 2062 3152 minus,

139 3178 475 3277 apertius.
510 3178 716 3251 Vale.

452 3324 1098 3405 EPISTOLA
1175 3328 1785 3405 LXXXVIII.

142 3484 397 3543 Liberalia
421 3482 657 3537 studiain
674 3482 821 3537 bonis
850 3498 956 3537 nou
976 3498 1120 3545 esse,
1150 3496 1248 3535 nec
1278 3462 1618 3535 ad'Vittutem
1649 3496 1745 3547 per
1772 3494 1828 3533 se
1857 3479 2067 3536 dueere.
2137 3543 2140 3554 Ι

193 3626 199 3634 ,
276 3576 571 3648 Singillatim
602 3574 706 3627 hoe
738 3575 889 3627 docet
906 3611 923 3638 ,
958 3574 1014 3625 in
1054 3572 1391 3627 Grammatiea
1409 3610 1426 3637 ,
1466 3570 1696 3637 Musica,
1731 3568 2063 3653 GeometriQ

275 3668 615 3725 Astronomin.
650 3666 763 3719 Etsi
782 3678 951 3718 tamen
969 3679 1075 3717 non
1092 3664 1287 3715 ducunt
1300 3699 1315 3726 ‚
1338 3662 1634 3715 conducunt
1648 3678 1666 3713 z
1686 3660 1738 3711 id
1757 3673 1862 3726 est,
1880 3660 2065 3713 iuvant
2169 3692 2174 3697 ·

276 3773 333 3815 et
351 3768 666 3829 praeparant.
697 3756 832 3809 Tum
848 3756 1037 3810 divisio
1057 3754 1152 3807 alia
1175 3753 1387 3819 artium,
1416 3754 1470 3805 in
1488 3753 1740 3821 vulgares
1754 3789 1770 3814 .
1793 3752 2060 3819 tudier-ns,
2134 3773 2138 3779 ·

274 3848 842 3917 omnes..moeum
856 3858 911 3903 et
928 3847 987 3900 in
1003 3846 1155 3915 istis,
1176 3846 1337 3903 solun
1358 3842 1738 3914 Philosophiam
1766 3858 1910 3913 aa,
1931 3860 2066 3915 qm
