2809 4850
609 453 614 460 .
699 371 841 452 268
1077 367 1159 445 L.
1207 361 1671 442 ANNAEI
1718 359 2241 438 SENECAE

697 555 856 618 ,cem
891 529 926 602 Ρ
979 526 1102 602 sed
1151 545 1433 626 quanto
1485 526 1871 626 clariorem
1922 547 2127 598 canes
2147 576 2173 615 ‚
2220 503 2635 600 acutiorem

695 639 978 734 aquilae
991 689 1016 728 ‚
1039 641 1435 738 graviorem
1462 638 1680 725 tauri,
1699 635 2103 714 dulciorem
2126 634 2637 708 mobiliorem-

697 775 846 843 que
869 749 1187 825 luscinii?
1219 751 1429 856 Quid
1468 750 1545 820 in
1577 747 1873 843 homine
1910 748 2285 841 proprium
2309 748 2344 818 Ξ)
2367 746 2627 822 Ratio!

695 857 928 946 Haec,
961 877 1154 930 recta
1191 876 1264 930 et
1285 873 1781 932 consummata
1798 907 1823 946 ,
1869 856 2281 940 felicitatem
2307 856 2628 932 hominis

693 969 1020 1063 inplevit.
1067 969 1256 1068 Ergo
1275 1019 1298 1056 ‚
1327 971 1384 1040 si
1416 967 1651 1042 omnis
1666 993 1807 1056 res,
1838 989 2079 1060 quum
2100 968 2389 1040 bonum
2408 991 2625 1046 suum

694 1077 994 1174 perfecit
1012 1130 1035 1166 ‚
1069 1079 1443 1152 laudabilis
1470 1095 1575 1152 est
1596 1129 1623 1169 ,
1662 1095 1735 1150 et
1758 1076 1851 1151 ad
1886 1077 2108 1150 finem
2133 1094 2433 1150 naturae
2459 1101 2631 1150 suae

695 1192 1059 1286 pervenit3
1105 1191 1386 1266 homini
1405 1207 1651 1264 autem
1682 1213 1895 1267 suum
1922 1189 2209 1262 bonum
2236 1188 2451 1260 Ratio
2480 1205 2619 1264 este

693 1301 750 1374 ni
791 1303 974 1374 hanc
1011 1301 1308 1396 perfecit
1322 1352 1345 1389 ,
1379 1300 1751 1375 laudabilis
1774 1316 1880 1372 est
1900 1349 1925 1387 ,
1956 1317 2031 1374 et
2064 1299 2289 1374 finem
2328 1315 2623 1380 naturae

693 1433 860 1485 suae
881 1408 1152 1509 adtigit.
1191 1411 1386 1490 Haec
1410 1411 1623 1497 ratio,
1650 1407 1997 1502 perfecta,
2034 1409 2252 1482 Virtus
2280 1426 2623 1489 vocatur-3

697 1519 1098 1614 eademque
1132 1519 1491 1594 Honestum
1516 1537 1637 1590 est.
1698 1520 1781 1589 ld
1802 1522 2047 1613 itaque
2072 1544 2306 1592 unum
2334 1521 2623 1594 bonum

601 1617 606 1621 ¹
697 1645 800 1710 ent
827 1630 906 1702 in
955 1630 1293 1719 homine,
1349 1629 1575 1725 quod·
1599 1650 1829 1703 unum
1875 1631 2187 1704 homini-s
2226 1648 2367 1713 θοις
2422 1653 2617 1702 nunc

695 1742 892 1818 enim
920 1763 1076 1812 non
1103 1741 1551 1833 quaerimus,
1580 1740 1761 1834 quid
1784 1741 1873 1812 sit
1902 1741 2181 1814 bonurn
2199 1792 2226 1831 ,
2256 1740 2385 1812 sed
2414 1741 2619 1833 quqd

692 1850 784 1920 sit
825 1848 1106 1920 hominis
1145 1850 1394 1922 bonum·
1431 1846 1509 1920 Si
1552 1851 1842 1922 nullum
1868 1850 2071 1922 aliud
2102 1868 2207 1928 est
2254 1852 2569 1922 hominia
2592 1901 2619 1956 ².

695 1985 920 2053 quam
954 1959 1198 2033 Ratio:
1238 1961 1414 2034 haec
1458 1961 1873 2034 erittunum
1910 1960 2061 2032 eius
2102 1959 2387 2034 bonum
2416 2013 2442 2049 ‚
2498 1957 2621 2034 sed

691 2069 1144 2164 pensandum
1185 2093 1358 2142 cum
1395 2069 1755 2142 omnibus,
1792 2068 1887 2143 ,Si
1922 2066 2013 2142 §it
2054 2069 2312 2165 aliquis
2350 2073 2614 2161 malus,

691 2197 878 2272 puto
913 2179 1465 2273 inprobabitur3
1510 2179 1565 2251 si
1601 2181 1837 2254 bonus
1864 2231 1891 2267 ‚
1924 2198 2111 2276 puto
2150 2181 2609 2278 probabitur:

691 2291 768 2363 id
795 2317 964 2389 ergo
990 2292 1066 2363 in
1093 2293 1388 2364 homine
1411 2295 1735 2385 primum
1762 2283 2283 2390 solumqueest
2300 2343 2331 2385 ‚
2360 2318 2521 2389 quo
2544 2310 2614 2367 et

691 2398 1042 2495 probatur
1067 2416 1142 2473 et
1163 2399 1611 2503 inprobatur.

803 2510 976 2581 Non
1015 2510 1334 2599 dubitaS,
1384 2536 1479 2607 an
1510 2514 1648 2590 hoc
1670 2513 1760 2586 sit
1783 2512 2117 2602 Bonum3
2164 2512 2491 2603 dubitas,
2524 2538 2610 2587 an

688 2616 922 2689 solum
951 2616 1240 2691 Bonum
1265 2618 1374 2689 sit.
1424 2617 1501 2691 Si
1527 2621 1689 2713 quis
1718 2622 1963 2695 omnia
2001 2622 2133 2693 alia
2160 2622 2454 2711 habeat,
2492 2646 2611 2694 va-

557 2728 566 2737 ’
687 2726 1116 2817 litudinem‚
1165 2728 1447 2803 divitias
1468 2780 1495 2821 ‚
1548 2730 1883 2829 imagines
1930 2734 2227 2822 multas,
2276 2732 2609 2827 frequens
2734 2758 2737 2761 ·

689 2834 948 2910 atrium
969 2886 993 2924 ,
1021 2834 1150 2909 sed
1185 2841 1415 2909 malus
1444 2862 1537 2911 ex
1560 2839 1881 2913 confesso
1912 2841 2036 2928 sit3
2084 2840 2499 2937 inprobabis
2528 2842 2613 2913 il·-

688 2950 868 3020 lum.
910 2948 1134 3037 Item,
1168 2953 1222 3022 si
1271 2952 1433 3044 quis
1462 2954 1647 3035 nihil
1691 2954 1993 3047 quidem
2032 2955 2323 3026 illorum
2346 3002 2371 3045 ,
2422 2976 2609 3048 quae

686 3058 942 3143 retuli,
977 3058 1272 3146 habeat,
1305 3061 1675 3135 deficiatur
1703 3063 2043 3157 pecunia,
2076 3062 2427 3137 clientum
2452 3080 2606 3135 tur·

689 3167 780 3237 ba
797 3219 818 3254 ,
852 3166 1228 3243 nobilitate
1246 3219 1273 3260 ‚
1319 3186 1394 3241 et
1436 3195 1733 3245 avorum
1765 3198 2349 3269 proavorumque
2382 3174 2607 3264 serie,

685 3276 810 3349 sed
843 3302 934 3349 ex
976 3278 1296 3351 confesso
1325 3279 1565 3354 bonus
1604 3284 1738 3371 sit3-
1780 3284 2119 3378 probabis
2146 3286 2379 3356 illum.
2420 3284 2604 3383 Ergo

685 3386 830 3458 hoc
857 3408 1092 3459 unum
1121 3405 1224 3459 est
1247 3388 1537 3463 Bonum
1566 3392 1913 3466 hominisz
1960 3394 2165 3489 quod
2196 3395 2325 3490 qui
2347 3394 2621 3483 habet3.

689 3496 902 3569 etiam
925 3498 980 3569 si
1003 3500 1148 3572 aliis
1173 3500 1583 3576 destituitur
1601 3557 1622 3593 ,
1650 3506 2049 3578 laudandus
2068 3522 2171 3578 est
2191 3534 2213 3595 ;
2243 3506 2450 3601 quod
2474 3503 2602 3600 qui

685 3628 838 3679 non
863 3609 1245 3715 habetnin
1283 3616 1610 3687 omnium
1646 3616 1947 3688 aliorum
1992 3618 2195 3713 copia
2224 3618 2601 3691 damnatur

683 3738 764 3788 ac
790 3719 1120 3793 reiicitur.
1171 3722 1380 3829 Quae
1404 3723 1727 3796 conditio
1754 3748 1994 3796 rerum
2013 3777 2036 3814 ‚
2070 3727 2337 3799 eadem
2364 3744 2441 3800 et
2469 3727 2601 3799 ho·

683 3824 970 3902 minum
985 3848 1105 3903 est.
1129 3832 1342 3907 Navis
1357 3834 1547 3907 bona
1570 3834 1863 3927 dicitur,
1883 3862 2059 3930 non,
2076 3864 2263 3935 quae
2282 3839 2603 3939 pretiosis,

2768 480 2771 566 Ι
