2809 4850
706 359 804 460 98
1072 359 1162 432 L
1212 354 1661 432 ANNAEr
1709 352 2240 430 SENECAE

702 519 1055 617 negabant
1078 515 1436 604 timenda,
1465 540 1507 586 a
1537 537 1856 608 quorum
1887 531 2093 586 metu
2127 515 2444 590 aberant.
2485 518 2635 591 Hic
2749 592 2754 598 ,

700 651 875 700 vero
924 625 1323 720 plurimum
1376 621 1576 717 apud
1643 647 1764 693 me
1825 623 2265 696 auctoritatis
2317 625 2582 698 habuit
2607 681 2632 716 ‚

698 763 937 832 quum
976 729 1397 830 loqueretur
1432 732 1525 805 de
1548 752 1779 806 morte
1825 733 2088 804 vicina.·
2118 733 2374 806 Dicam
2405 736 2631 808 etiam

696 846 887 941 quid
930 845 1268 918 sentiam:
1308 859 1532 938 pute,
1577 841 1947 914 fortiorem
1987 865 2158 914 eum
2197 867 2338 914 esse
2383 845 2632 934 quiin

694 961 849 1052 ipsa
892 971 1123 1030 mette
1165 971 1267 1028 est
1287 1006 1309 1042 ,
1358 969 1578 1048 quam
1631 955 1758 1046 qui
1801 954 1978 1026 circa
2017 969 2354 1025 mortem.
2423 954 2629 1026 Mors

700 1067 897 1138 enim
935 1065 1227 1140 admota
1266 1065 1478 1134 etiam
1519 1061 1837 1156 inperitis
1867 1059 2196 1133 animum
2221 1060 2432 1135 dedit
2471 1087 2628 1134 non

694 1173 970 1248 vitandi
1006 1172 1454 1246 inevitabilia.
1483 1167 1596 1245 Sic
1635 1171 1977 1268 gladiator
1998 1220 2021 1258 ,
2069 1186 2222 1246 tota
2257 1195 2502 1272 pugna
2529 1173 2627 1240 ti·-

690 1281 1117 1364 midissirnus
1139 1331 1163 1369 ‚
1204 1280 1542 1378 iugulum
1581 1278 1975 1352 adversario
2020 1295 2358 1375 praestat,
2403 1298 2478 1351 et
2511 1301 2626 1350 er-

688 1406 966 1466 tantem
990 1391 1310 1488 gladium
1335 1390 1468 1461 sibi
1493 1389 1954 1482 adtemperat.
1991 1385 2088 1458 At
2116 1389 2280 1474 illa,
2317 1413 2510 1481 quae
2537 1389 2618 1463 in

688 1500 1110 1596 propinquo
1136 1512 1239 1570 est
1256 1549 1280 1586 ,
1306 1498 1562 1590 utique
1585 1515 1886 1568 ventura
1911 1546 1934 1584 ,
1964 1495 2316 1568 desiderat
2341 1500 2620 1570 lentam

686 1605 911 1678 animi
966 1605 1409 1692 firmitatem3
1454 1628 1642 1698 quae
1693 1621 1796 1676 est
1842 1607 2096 1693 rarior,
2154 1627 2290 1678 nec
2330 1624 2643 1700 potest,—

688 1715 825 1788 nisi
859 1737 901 1782 a
930 1713 1282 1808 sapiente,
1322 1715 1672 1809 praestari.
1725 1712 2220 1786 Libentissime
2245 1714 2500 1808 itaque
2539 1717 2624 1788 il·

686 1826 851 1898 lum
877 1822 1295 1912 audiebam,
1324 1825 1518 1918 quasi
1551 1824 1902 1896 ferentem
1930 1822 2030 1897 de*
2048 1840 2284 1897 morte
2325 1843 2620 1898 senten-

638 1963 651 1976 ·
686 1934 903 2021 tiam,
946 1950 1021 2004 et
1054 1932 1281 2027 qualis
1306 1952 1500 2006 esset
1537 1933 1684 2004 eius
1728 1950 2023 2018 natura,
2068 1933 2268 2006 velut
2305 1933 2616 2028 propius

670 2039 1088 2134 'inspectam'
1106 2039 1564 2112 indicantem.
1585 2039 1790 2127 Plus,
1822 2057 1904 2111 ut
1932 2056 2156 2133 puto,
2193 2039 2364 2110 fidei
2389 2041 2618 2112 habe-

647 2237 655 2244 ·
682 2154 797 2234 ret
816 2147 1015 2242 apud
1036 2164 1105 2218 te
1124 2197 1147 2233 ,
1169 2149 1330 2240 plus
1352 2147 1718 2241 ponderis,
1747 2148 1800 2218 si
1829 2149 1988 2242 quis
2009 2147 2367 2220 revixisset
2387 2201 2408 2236 ‚
2435 2166 2514 2220 et
2539 2151 2614 2222 in

686 2275 925 2332 morte
964 2255 1143 2328 nihil
1174 2257 1343 2328 mali
1378 2281 1521 2327 esse
1549 2277 1855 2328 narraret
1891 2273 2240 2352 expertus.
2279 2258 2616 2332 Accessus

684 2366 935 2441 mortis
958 2387 1177 2459 quarn
1210 2366 1828 2460 perturbationem
1869 2366 2138 2440 adferat
2159 2419 2186 2456 ,
2227 2367 2511 2462 optime
2537 2368 2617 2439 hi

562 2503 569 2507 ·
684 2475 821 2548 tibi
864 2473 1143 2561 dicent,
1198 2474 1329 2568 qui
1378 2476 1773 2547 secundum
1813 2473 2006 2547 illam
2045 2492 2432 2597 steternrgt,
2481 2478 2616 2569 qui

686 2585 1099 2657 venientem
1138 2601 1211 2657 et
1250 2585 1588 2659 viderunt
1631 2606 1703 2660 et
1747 2604 2192 2681 receperunt.
2247 2588 2442 2659 Inter
2474 2588 2616 2657 hos

681 2694 987 2783 ,Bassum
1007 2694 1175 2767 licet
1208 2719 1581 2785 numeres,
1622 2697 1752 2791 qui
1790 2721 1918 2769 nos
1949 2698 2188 2793 decipi
2231 2698 2508 2770 noluitz
2551 2698 2614 2769 is
2711 2746 2715 2750 ,

686 2805 824 2893 ait,
851 2821 1001 2875 tam
1029 2800 1331 2877 stultum
1354 2830 1536 2901 esse,
1566 2808 1697 2901 qui
1729 2822 2036 2881 mortem
2065 2810 2311 2879 timeat
2331 2858 2354 2896 ,
2381 2832 2609 2902 quam

685 2912 821 3005 qui
864 2926 1322 3011 senectutem.
1374 2913 1560 2985 Nam
1607 2915 2252 3008 quemadmodum.
2283 2926 2612 2987 senectus

624 3095 631 3111 Ι
685 3016 1232 3092 adolescentiam
1255 3022 1616 3115 sequitur,
1647 3024 1744 3093 ita
1773 3048 1962 3095 mors
1985 3037 2448 3095 senectutem.
2478 3022 2611 3095 Vi-

573 3171 596 3191 x
684 3149 865 3198 vere·
888 3128 1161 3216 noluit,
1202 3130 1332 3221 qui
1370 3130 1556 3199 mori
1586 3154 1740 3201 non
1781 3134 1961 3202 vult.
2005 3130 2174 3203 Vita
2199 3130 2393 3201 enim
2429 3154 2608 3203 cum

664 3234 1112 3325 'exceptione
1146 3235 1391 3305 mortis
1435 3224 1597 3308 data
1629 3252 1768 3325 ,est3
1820 3236 1912 3309 ad
1941 3238 2123 3311 hanc
2150 3238 2314 3309 itur.
2351 3238 2607 3343 Quam

516 3362 523 3369 ·
642 3370 647 3373 ·
682 3340 853 3413 ideo
883 3343 1134 3415 timere
1177 3344 1530 3415 dementis
1578 3361 1719 3433 est3
1769 3350 1940 3440 quia
1975 3366 2164 3420 certa
2189 3354 2608 3442 'exspectan-

686 3466 807 3521 tur
828 3501 855 3539 ,
891 3450 1112 3521 dubia
1152 3468 1597 3525 metuuntur.
1638 3454 1831 3525 Mors
1865 3457 2354 3529 necessitatem
2379 3456 2608 3531 habet

684 3582 989 3653 aequam
1014 3581 1087 3632 et
1106 3563 1468 3641 invictam.
1502 3565 1686 3670 Quis
1715 3568 1915 3659 queri
1937 3584 2197 3659 potest,
2217 3566 2294 3637 in
2324 3592 2406 3638 ea
2429 3591 2610 3639 con-

688 3667 965 3743 ditione
986 3698 1058 3744 se
1076 3697 1239 3763 esse,
1257 3676 1333 3744 in
1352 3696 1498 3769 qua
1520 3698 1740 3755 nemo
1761 3698 1914 3747 non
1934 3694 2034 3747 est
2050 3677 2084 3746 i>
2113 3677 2336 3769 prima
2351 3692 2606 3749 autem

686 3801 845 3874 pars
868 3797 968 3853 est
990 3772 1361 3879 aequitatis
1380 3834 1406 3875 ,
1443 3782 1840 3880 aequalitas.
1867 3784 2016 3859 Sed
2039 3808 2234 3859 nunc
2257 3810 2602 3882 superva-
