2809 4850
552 381 1368 488 EPISTOLA
1443 333 1715 464 x1'11.
2006 329 2193 494 „-

171 547 311 642 qui
336 548 472 622 tibi
491 563 570 622 te
594 551 932 624 miserum
977 575 1118 627 esse
1148 551 1650 650 persuadeant,
1692 577 1879 644 non,
1914 555 2101 649 quid

169 657 456 746 audias,
471 657 598 730 sed
625 658 806 768 quid
831 660 1082 734 sentias
1099 714 1120 749 ,
1169 663 1482 760 cogites,
1528 678 1600 734 et
1624 687 1811 744 curn
1820 663 2101 756 patien-

169 771 268 838 tia
315 785 448 840 tua
493 757 876 857 deliberes,
913 790 994 842 ac
1033 785 1107 842 te
1157 770 1308 865 ipse
1349 771 1732 870 interroges
1750 823 1772 860 ,
1816 769 1943 864 qui
1965 787 2093 848 tua

169 877 456 970 optime
477 880 701 952 nosti:
741 879 921 978 quid
951 895 1052 950 est
1069 903 1289 973 quare
1305 880 1417 952 isti
1446 905 1565 952 me
1586 880 2037 974 complorent
2052 877 2091 950 Ρ

170 985 358 1079 quid
385 1003 492 1058 est
517 987 721 1080 quod
761 986 1128 1082 trepident
1147 1039 1172 1076 ‚
1217 989 1421 1082 quod
1462 989 2097 1084 contagiumquo·

167 1122 320 1189 que
353 1099 502 1170 mei
527 1102 826 1169 timeant
847 1149 870 1185 ,
909 1098 1104 1191 quasi
1136 1099 1505 1171 transsilire
1534 1095 1889 1170 calamitas
1910 1091 2095 1192 'pos-

168 1207 304 1278 sit?
349 1207 472 1280 Est
493 1208 772 1302 aliquid
801 1208 954 1281 istic
995 1208 1212 1281 mali?
1259 1232 1348 1282 an
1388 1210 1645 1282 resista
1672 1209 1887 1307 magis
1910 1208 2095 1280 infa-

167 1321 301 1391 mis
329 1339 472 1408 est,
503 1345 728 1415 quam
754 1324 938 1395 mala
954 1323 988 1393 Ρ
1013 1323 1169 1418 Ipse
1195 1339 1270 1394 te
1293 1323 1686 1423 interroga:
1716 1321 2093 1418 numquid

167 1433 319 1504 sine
351 1457 554 1504 causa
577 1433 898 1522 crucior,
926 1451 997 1506 et
1023 1459 1350 1522 moere0,
1379 1452 1497 1525 et,
1532 1432 1738 1528 quod
1766 1457 1916 1506 non
1943 1448 2091 1522 est,

168 1545 450 1614 malum
474 1542 710 1614 facio?

291 1652 745 1758 Quomodo,
779 1651 1058 1746 inquis,
1103 1649 1528 1750 intelligam,
1566 1677 1745 1724 vana
1780 1653 1967 1740 sint,
1995 1673 2091 1722 an

167 1785 376 1847 vera,
425 1762 696 1855 quibus
743 1762 1008 1859 angor?
1055 1799 1128 1814 --
1174 1761 1443 1854 Accipe
1478 1762 1689 1832 huius
1731 1761 1834 1832 rei
1878 1781 2091 1854 regu-

167 1872 356 1952 lam!
397 1868 552 1941 Aut
595 1870 1080 1963 praesentibus
1123 1885 1594 1962 torquemur,
1642 1882 1769 1940 aut
1790 1866 2041 1936 futuris
2065 1913 2093 1950 ,

167 1995 296 2052 aut
321 1979 668 2072 utrisque.
700 1979 812 2050 De
831 1976 1316 2072 praesentibus
1349 1976 1555 2048 facile
1580 1992 1683 2047 est
1714 1975 2093 2046 iudicium:

169 2087 244 2158 Si
267 2112 532 2180 corpus
573 2103 786 2158 tuum
827 2087 1135 2157 liberum
1165 2104 1307 2172 est,
1335 2108 1583 2158 sanum
1612 2102 1751 2172 est,
1798 2107 1933 2156 nec
1974 2085 2091 2153 ul-

164 2201 276 2291 lus
301 2223 391 2269 ex
413 2197 668 2268 iniuria
697 2198 903 2270 dolor
927 2215 1028 2270 est
1044 2225 1064 2284 ;
1113 2197 1517 2268 videbimus
1544 2197 1728 2289 quid
1755 2197 2083 2269 futurum

163 2311 293 2381 sit:
348 2311 572 2381 hodie
598 2310 779 2380 nihil
824 2309 1094 2408 negotii
1123 2309 1359 2380 habet.
1399 2308 1501 2379 At
1520 2311 1716 2382 enim
1750 2307 2091 2380 futurum

167 2419 308 2491 est!
344 2419 667 2491 Primum
691 2419 981 2514 dispice,
1009 2446 1100 2491 an
1129 2438 1310 2493 certa
1327 2437 1739 2518 argumenta
1761 2419 1901 2490 sint
1922 2440 2089 2488 ven·
2141 2509 2142 2512 Ἴ

163 2530 312 2602 turi
343 2528 544 2601 mali:
577 2530 1012 2622 plerumque
1050 2530 1242 2600 enim
1271 2527 1790 2622 suspicionibus
1812 2524 2087 2595 labora·

165 2668 366 2729 mus3
393 2657 477 2715 et,
495 2640 758 2711 inludit
785 2641 994 2712 nobis
1021 2639 1137 2711 illa
1157 2691 1180 2727 ,
1209 2656 1394 2734 quae
1424 2640 1773 2719 conficere
1806 2637 2081 2709 bellum
2124 2664 2127 2669 ·

162 2758 386 2841 solet,
417 2752 604 2825 fama
624 2776 660 2838 ‚·
673 2754 910 2825 multo
937 2770 1178 2824 autem
1203 2753 1421 2850 magis
1436 2752 1745 2850 singulos
1772 2746 2081 2822 conficit.

166 2866 270 2936 Ita
304 2882 449 2935 est:
487 2865 591 2935 mi
627 2862 891 2935 Lucili!
933 2864 1077 2935 cito
1103 2862 1501 2933 accedimus
1527 2857 1892 2953 opinioni3
1925 2872 2083 2927 non

167 2972 618 3071 coarguimus
641 2974 758 3043 illa
779 3024 802 3060 ,
857 2994 1046 3065 quae
1077 2994 1209 3041 nos
1235 2972 1312 3039 in
1338 2983 1620 3040 metum
1658 2964 2079 3049 adducunt,

165 3108 302 3153 nec
344 3079 790 3167 excutimus3
823 3082 960 3151 sed
991 3046 1480 3172 trepidamus,
1512 3093 1586 3149 et
1608 3076 1705 3146 sic
1735 3072 2081 3144 vertimus

165 3209 357 3287 terga
375 3242 398 3277 ‚
431 3188 1058 3282 quemadmodum
1083 3189 1208 3279 illi,
1237 3198 1416 3281 quos
1438 3179 1676 3280 pulvis
1696 3195 1933 3253 motus
1964 3176 2081 3249 fu-

169 3327 249 3398 ga
267 3324 617 3395 pecorum
637 3304 839 3372 exuit
861 3299 1114 3385 castris,
1140 3314 1266 3369 aut
1290 3321 1475 3391 quos
1495 3288 1731 3393 aliqua
1752 3288 2054 3362 fabula
2004 3312 2083 3359 si-

167 3434 265 3481 ne
300 3426 591 3481 auctore
635 3434 858 3503 sparsa
898 3408 1302 3480 conterruit.
1356 3406 1611 3477 Nescio
1645 3397 2081 3496 quomodo,

165 3517 387 3614 magis
413 3540 590 3588 vana
613 3517 1073 3609 perturbante
1111 3530 1272 3586 vera
1296 3516 1489 3586 enim
1529 3511 1839 3583 modum
1868 3530 2084 3580 suum

166 3628 482 3714 habent3
525 3624 891 3719 quidquid
917 3650 1010 3695 ex
1035 3626 1311 3695 incerto
1347 3624 1585 3707 venit,
1626 3620 2079 3689 coniecturae

167 3756 239 3810 et
262 3736 588 3831 paventis
627 3738 845 3809 animi
882 3737 1207 3809 licentiae
1241 3734 1563 3807 traditur.
1607 3730 1809 3800 Nulli
1834 3728 2077 3821 itaque
2166 3720 2176 3736 ’

166 3862 322 3919 tam
364 3845 794 3942 perniciosi,
841 3864 992 3919 tam
1025 3843 1527 3950 ⁸inrevocabiles
1544 3894 1570 3933 ,
1620 3864 1852 3936 quam
1888 3842 2081 3937 lyma-
