2809 4850
661 371 802 450 180
1041 367 1124 442 L.
1171 364 1621 441 ANNAEI
1668 362 2203 440 SENECAE

649 537 706 608 si
722 531 1120 626 voluptates
1133 582 1154 618 ,
1175 527 1443 621 quibus
1467 550 1623 620 pars
1646 527 1872 600 maior
1889 529 2099 624 petit,
2120 530 2591 624 potuerimus

649 668 887 744 tegere
925 657 999 714 et
1054 651 1398 713 coercere.
1440 637 1699 710 Plato'
1678 663 1829 732 ipse
1868 639 1961 711 ad
2004 659 2454 714 senectutem
2498 667 2585 714 se

645 753 1008 853 diligentia
1039 747 1360 844 pertulit.
1401 745 1565 818 Erat
1604 749 1905 840 quidem
1946 771 2203 843 corpus
2238 729 2583 824 validum

644 887 728 936 ac
765 861 954 933 forte
989 855 1313 943 somma,
1363 867 1441 926 et
1476 852 1585 928 illi
1610 874 1889 931 nomen
1924 854 2233 930 latitudo
2258 859 2579 952 pectoris

643 971 943 1060 fecerat3
965 967 1094 1042 sed
1117 964 1604 1064 navigationes
1634 985 1717 1036 ac
1745 965 2061 1060 pericula
2084 967 2411 1042 multum
2434 968 2577 1042 de-

643 1095 1006 1158 traxerant
1043 1077 1350 1164 viribus3
1397 1074 1825 1170 parsimonia
1851 1091 2129 1165 tamen,
2164 1093 2241 1150 et
2270 1101 2575 1170 eorum,

637 1199 836 1288 ²quae
859 1186 1268 1262 aviditatem
1301 1199 1609 1258 evocant
1622 1233 1647 1273 ,
1686 1183 1955 1258 modus
1969 1233 1993 1273 ,
2038 1201 2111 1258 et
2136 1182 2447 1284 diligens
2460 1189 2577 1262 sui

642 1303 907 1388 tutela,
955 1295 1311 1393 produxit
1359 1295 1573 1368 illum
1623 1292 1717 1365 ad
1770 1310 2215 1370 senectutem
2233 1347 2262 1384 ,
2317 1295 2575 1372 multis

640 1406 1196 1508 prohibentibus
1225 1404 1466 1478 causis.
1490 1401 1681 1478 Nam
1707 1392 1845 1476 h'oc
1868 1403 2032 1494 scis,
2059 1421 2283 1499 puto,
2324 1405 2571 1480 Plato-

637 1521 720 1596 ni
747 1513 1155 1616 diligentiae
1175 1535 1342 1586 suae
1366 1512 1727 1588 beneficio
1751 1512 2125 1612 contigisse
2148 1565 2173 1602 ‚
2198 1513 2410 1610 quod
2436 1519 2571 1590 na&

639 1630 766 1704 mli
791 1653 924 1702 suo
949 1623 1246 1698 decessit
1259 1673 1290 1712 ,
1314 1640 1390 1696 et
1422 1647 1704 1698 annum
1744 1643 1979 1699 unum
2007 1640 2227 1720 atque
2264 1641 2576 1726 octoge-

637 1742 904 1816 simum
938 1735 1268 1832 implevit
1289 1734 1446 1808 sine
1466 1735 1611 1808 ulla
1630 1733 2093 1822 deductione·
2119 1735 2298 1814 Ideo
2320 1737 2521 1840 Magi
2534 1777 2569 1828 ‚-

641 1849 782 1946 qui.
807 1849 996 1922 forte
1015 1843 1326 1918 Athenis
1354 1859 1578 1934 erant,
1606 1844 2167 1922 immolaverunt
2189 1845 2570 1937 defuncto,

635 1958 1002 2055 amplioris
1035 1955 1246 2030 fixisse
1271 1954 1475 2027 sortis
1511 1977 1735 2049 quam
1776 1953 2141 2034 humanae·
2159 1959 2291 2032 rati
2306 2008 2335 2048 ,
2384 1960 2564 2053 quia

634 2080 1195 2144 consummasset
1229 2061 1823 2158 perfectissimum
1853 2086 2241 2143 numerum
2259 2117 2284 2154 ‚
2330 2091 2563 2160 quem

633 2203 906 2256 novem
941 2175 1186 2252 novies
1205 2175 1682 2270 multiplicata
1716 2191 2173 2270 conponunt.
2208 2175 2393 2250 Non
2424 2177 2568 2254 du-

632 2292 796 2366 bito
816 2341 842 2381 ‚
875 2288 1056 2382 quin
1079 2301 1360 2382 paratus
1393 2304 1570 2360 esset
1583 2338 1608 2377 ,
1632 2311 1899 2384 paucos
1920 2285 2067 2360 dies
2094 2311 2187 2360 ex
2208 2287 2341 2360 ista
2360 2312 2560 2362 sum-

633 2423 754 2473 ma
779 2414 856 2471 et
883 2383 1300 2471 sacrificium
1319 2397 1701 2471 remittere.
1731 2399 1975 2488 Potest
2004 2396 2361 2497 frugalitas
2384 2423 2560 2494 pro-

634 2506 900 2582 ducere
931 2519 1411 2593 senectutem3
1455 2529 1677 2600 quam
1716 2525 1803 2601 pt
1825 2534 1979 2581 non
2003 2526 2191 2603 puto
2212 2510 2560 2604 concupi-

632 2612 1004 2703 scendam,
1025 2612 1124 2684 im
1148 2635 1244 2683 ne
1269 2614 1749 2687 recusandam.
1765 2616 2091 2711 quidem.
2135 2617 2553 2689 Iucundum

631 2738 787 2813 est,
823 2744 967 2795 esse
995 2742 1240 2793 secum
1277 2744 1501 2817 quam
1544 2720 1979 2814 diutissime,
2018 2748 2258 2819 quum
2292 2726 2459 2821 quis
2482 2750 2555 2801 se

635 2823 978 2931 dignum,
1004 2853 1162 2925 quo
1185 2828 1568 2919 frueretur,
1600 2827 1853 2908 effecit.

729 2940 984 3035 Itaque
1024 2940 1122 3015 de
1163 2938 1300 3017 isto
1333 2936 1641 3013 feremus
1675 2942 2103 3017 sententiam
2120 2992 2143 3030 ‚
2198 2966 2291 3017 an
2334 2969 2555 3040 opor·
2650 2993 2660 3001 ·

635 3066 786 3125 teat
827 3048 1138 3124 fastidite
1177 3050 1557 3121 senectutis
1600 3058 1965 3143 extremm
2013 3070 2087 3125 et
2126 3054 2347 3127 finem
2395 3076 2551 3127 non

633 3160 984 3257 opperiri,
1015 3160 1142 3232 sed
1174 3178 1398 3234 manu
1444 3158 1691 3234 facere.
1732 3164 1973 3259 Prope,
2008 3182 2111 3239 est
2131 3191 2172 3239 a
2200 3165 2507 3245 timente
2524 3215 2551 3255 ,

635 3272 768 3367 qui
807 3268 1040 3343 fatum
1079 3271 1304 3371 segnis
1337 3288 1699 3366 exspectat
1713 3300 1737 3363 ς
1787 3274 1972 3353 sicut
2004 3276 2131 3349 ille
2172 3279 2357 3351 ultra
2382 3304 2553 3354 ,mov

633 3382 817 3455 d‘um
861 3378 1146 3455 deditus
1185 3382 1360 3457 vino
1393 3402 1535 3472 est,
1558 3383 1701 3477 'qui
1741 3384 2159 3482 amphoram
2198 3386 2503 3462 exsiccat
2520 3438 2545 3477 ,

632 3508 710 3565 et
735 3491 1006 3565 faecem
1033 3514 1338 3587 quoque
1365 3490 1717 3565 exsorbet.
1751 3490 1869 3566 De
1892 3494 2031 3567 hoc
2057 3510 2299 3569 tamen
2328 3520 2548 3587 quae·

633 3622 912 3689 temus,
941 3622 1100 3697 pass
1133 3624 1429 3673 summa.
1452 3598 1681 3694 vitae,
1719 3619 1967 3681 utrum
1990 3628 2073 3677 ea
2093 3601 2255 3677 faex
2278 3604 2409 3693 sit,
2456 3626 2547 3677 an

630 3706 1191 3801 liquidissimum
1215 3733 1298 3783 ac
1325 3710 1783 3806 purissimum
1806 3713 2194 3808 quiddam3
2234 3712 2546 3789 simodo

631 3838 844 3891 mem
869 3820 1022 3895 sine
1053 3823 1318 3900 iniuriat
1360 3844 1508 3922 est,
1548 3845 1623 3901 et
1652 3829 1913 3931 integri
1940 3852 2179 3905 sensus
2214 3830 2543 3909 animum
