2809 4850
682 363 857 466 αμα
1046 340 1131 419 1„
1184 339 1628 465 ΑΝΝᾼΕΙ
1688 329 2212 418 SENECAE

673 521 955 583 centem
984 505 1307 592 inritant3
1346 505 1528 576 sicut
1551 501 1878 576 dolorem
1907 505 2345 603 lugentium,
2373 507 2603 584 etiarn

668 620 726 694 si
748 617 1105 717 mitigatus
1131 629 1233 688 est
1255 629 1580 710 tempore
1597 659 1621 703 ,
1649 629 1775 686 aut
1797 617 2058 689 servuli
2081 617 2436 690 familiaris
2463 620 2602 692 ad-

668 728 943 816 missio,
970 741 1096 798 aut
1119 723 1325 799 vestis
1340 775 1365 814 ,
1388 741 1516 796 aut
1543 723 1802 798 domus
1826 741 2148 800 renovat.
2175 728 2358 800 Ecce
2373 722 2596 803 Cam-
2673 772 2686 784 ·

666 839 876 936 pania
891 887 913 925 ,
938 849 1017 908 ‘et
1037 835 1349 907 maxime
1364 835 1706 929 Neapolis
1722 884 1745 923 ‚
1763 835 1860 907 ad
1883 835 2402 932 Pompeiorum
2423 857 2598 914 tuo·

667 971 833 1020 rum
881 959 1386 1040 conspectuxm
1438 943 1861 1016 incredibile
1899 963 2042 1034 est,
2079 967 2302 1040 quam
2345 970 2596 1024 recens

667 1055 1100 1129 desiderium
1132 1055 1241 1126 tui
1280 1051 1542 1125 fecerit.
1589 1053 1822 1126 Totus
1863 1056 2042 1126 mihi
2085 1058 2162 1126 in
2211 1059 2440 1131 oculis
2471 1081 2586 1130 es:

668 1167 905 1264 quurri
936 1166 1249 1238 maxime
1284 1189 1323 1236 a
1356 1181 1432 1236 te
1459 1165 1791 1237 discedm
1829 1167 2047 1240 video
2069 1169 2386 1240 lacrimas
2405 1191 2594 1240 con·-

662 1281 1037 1352 bibentem
1064 1327 1088 1368 ‚
1126 1295 1201 1350 et
1230 1275 1627 1363 adfectibus
1667 1277 1806 1350 tuis
1839 1281 2024 1353 inter
2061 1281 2290 1376 ipsam
2317 1282 2592 1355 coerci-

662 1391 941 1462 tionem
984 1389 1417 1461 exeuntibus
1459 1411 1614 1461 non
1649 1388 1809 1460 satis
1846 1389 2306 1464 resistentem.
2351 1391 2590 1466 Modo

608 1511 631 1586 ‘—
660 1495 962 1570 amisisse
988 1511 1063 1566 te
1094 1494 1369 1568 videor.

758 1605 973 1714 Quid
1012 1606 1208 1679 enim
1250 1629 1405 1678 non
1435 1605 1662 1678 modo
1687 1621 1836 1692 est,
1869 1601 1924 1676 si
1946 1600 2382 1676 recorderis?
2417 1629 2585 1678 mo-

660 1714 761 1786 do
786 1713 985 1808 apud
1022 1711 1401 1785 Sotionem
1439 1711 1954 1807 philosophum
1987 1733 2169 1805 puer
2193 1712 2384 1799 sedi3
2427 1733 2588 1812 mo-

661 1823 763 1895 do
802 1847 1033 1896 causas
1068 1845 1271 1920 agere
1308 1822 1561 1916 coepi3
1605 1818 1835 1894 modo
1875 1818 2052 1892 desii
2099 1823 2284 1892 velle
2329 1845 2579 1919 agere·
2555 1873 2582 1910 3

654 1930 884 2004 modo
913 1929 1083 2003 desii
1108 1955 1333 2025 posse.
1382 1930 1670 2002 Infinita
1699 1946 1806 2002 est
1829 1928 2164 2002 velocitas
2187 1933 2535 2022 temporis
2555 1939 2602 2020 ,⁵

656 2060 843 2134 quae
870 2041 1083 2134 magis
1108 2037 1406 2132 adparet
1435 2038 1994 2133 respicientibus.
2035 2039 2228 2112 Nam
2251 2041 2346 2112 ad
2372 2065 2584 2136 ptae-

653 2153 876 2224 sentia
900 2151 1219 2222 intentos
1236 2150 1448 2228 fanin
1483 2150 1666 2222 adeo
1687 2151 2084 2246 praecipitis
2103 2149 2315 2250 fugae
2331 2153 2584 2224 transi-

650 2275 769 2332 tus
794 2261 964 2334 levis
988 2275 1109 2332 est.
1140 2256 1440 2332 Causam
1463 2258 1676 2334 huius
1701 2258 1804 2332 toi
1835 2261 2112 2354 quaeris
2131 2261 2166 2331 ἰ’
2201 2261 2576 2356 quidquid

582 2399 587 2404 ·
650 2371 993 2469 temporis
1021 2368 1333 2459 transiit,
1370 2367 1632 2441 eodem
1662 2370 1828 2443 loco
1855 2386 2009 2443 est·
1989 2419 2010 2459 ‚
2050 2370 2314 2473 pariter
2335 2370 2578 2473 adspi-

650 2482 873 2569 citur,
924 2504 1069 2551 una
1108 2478 1324 2565 iacet3
1365 2476 1610 2549 omnia
1647 2466 1820 2549 inde
1867 2478 1943 2549 in
1971 2466 2418 2573 profimdum
2457 2506 2576 2553 ca·

646 2592 856 2663 dunt.
881 2590 985 2661 Et
990 2590 1259 2684 alioqui
1286 2613 1439 2661 non
1467 2607 1764 2685 possunt
1791 2593 2002 2689 longa
2032 2574 2400 2663 intervalla
2423 2616 2572 2664 esse

644 2700 725 2770 in
749 2719 830 2770 ea
850 2724 971 2787 re,
1000 2718 1184 2793 quae
1202 2702 1355 2770 tbt'a
1382 2698 1618 2769 breeis
1641 2700 1765 2769 est.
1799 2696 2167 2769 Punctum
2193 2717 2332 2787 est,
2357 2700 2572 2791 quod

644 2810 951 2883 vivimus
972 2860 995 2899 ,
1042 2827 1118 2882 et
1144 2811 1385 2884 adhuc
1418 2826 1698 2905 puncto
1719 2811 1958 2883 minus
1975 2837 2004 2897 3
2035 2812 2168 2883 sed
2187 2813 2330 2885 hoe
2355 2811 2578 2883 minin

641 2938 850 2991 mum
884 2919 1119 3014 specie
1155 2919 1469 3013 quadam
1493 2918 1834 3017 longioris
1865 2918 2070 3015 spatii
2102 2932 2348 2993 natura
2379 2919 2579 2991 divis

530 3024 565 3111 “,
638 3030 747 3101 sit.
778 3028 1000 3103 Aliud
1024 3054 1115 3102 ex
1134 3030 1273 3103 hoc
1300 3030 1670 3101 infantiam
1700 3028 1868 3103 feci't
1886 3081 1908 3120 ,
1939 3027 2136 3104 aliud
2154 3030 2568 3126 pueritiam,

636 3138 838 3213 aliud
871 3142 1463 3230 adolescentiam,
1502 3141 1700 3215 aliud
1735 3134 2275 3217 inclinationem
2301 3152 2567 3238 quam-

640 3246 805 3321 dam
833 3248 924 3320 ab
952 3250 1422 3351 adolescentia
1470 3250 1562 3334 ad
1605 3266 2087 3341 senectutem,
2113 3252 2351 3323 aliud
2332 3274 2563 3347 ipsam

508 3346 519 3350 ”
636 3372 1097 3431 senectutem.
1150 3360 1237 3431 In
1274 3383 1500 3454 quam
1547 3379 1850 3469 angusto
1895 3378 2084 3455 quot
2123 3362 2380 3461 gradus
2422 3388 2561 3458 po·

635 3469 810 3541 suit.
796 3470 812 3514 '
840 3468 1073 3541 Modo
1092 3485 1166 3540 te
1181 3485 1664 3564 prosequutus
1682 3496 1877 3556 sum3
1911 3489 1982 3543 et
2001 3487 2240 3545 tamen
2256 3474 2394 3545 hoc
2407 3499 2472 3544 m
2485 3499 2562 3544 o·
2607 3480 2618 3502 ¹

636 3576 723 3647 do
749 3579 990 3651 aetatis
1020 3597 1299 3651 nostrae
1327 3580 1522 3651 bona
1554 3581 1790 3673 portio
1821 3598 1965 3672 est,
2005 3582 2206 3653 cuius
2246 3582 2562 3659 brevita-

633 3696 784 3754 tem
819 3686 1205 3779 aliquando
1250 3684 1564 3761 futuram
1601 3689 2018 3787 cogitemus.
2067 3692 2245 3765 Non
2277 3692 2560 3765 solebat

631 3787 813 3862 mihi
837 3788 983 3867 tam
1008 3798 1227 3871 velox
1253 3814 1539 3892 tempus
1579 3800 1803 3872 videri
1826 3828 1845 3872 ε
1893 3824 2092 3875 nunc
2119 3796 2561 3876 incredibilis
