2809 4850
725 367 822 442 34
1107 342 1189 418 L
1233 341 1669 450 ΑΝΝΑΕΙ
1716 338 2235 418 SENECAE

721 531 1038 604 quorum
1069 508 1665 604 multiplicatione
1691 511 1833 582 vita
1858 508 2343 605 componitur.
2372 511 2645 587 Mensis

718 620 972 694 artiore
996 620 1469 718 praecingitur
1491 615 1787 693 circulo:
1820 620 2389 718 angustissimum
2419 620 2644 701 habet

717 729 866 802 dies
893 753 1192 828 gyrum:
1227 729 1350 800 sed
1373 745 1447 799 et
1473 727 1707 800 hicab
1734 728 1941 800 initio
1965 729 2057 799 ad
2090 731 2369 802 exitum
2397 733 2641 825 venit,

712 840 806 912 ab
827 857 992 912 ortu
1017 838 1112 925 ad
1147 862 1493 911 occasum.
1544 837 1721 910 Ideo
1762 839 2321 930 HERACLITUS‚
2346 843 2470 913 cui
2510 867 2645 914 co-

711 971 1030 1048 gnomen
1051 950 1354 1022 Scotinon
1381 947 1551 1020 fecit
1571 949 1906 1022 orationis
1935 945 2365 1023 obscuritas:
2404 951 2645 1042 Unus,

709 1054 991 1149 inquit,
1023 1055 1158 1126 dies
1169 1080 1298 1154 par
1317 1056 1492 1126 omni
1510 1072 1628 1124 est.
1673 1053 1836 1126 Hoc
1872 1056 2043 1126 alius
2076 1055 2275 1130 aliter
2312 1061 2637 1154 accepit:

714 1163 900 1236 dixit
919 1164 1116 1238 enim
1135 1213 1158 1249 ‚
1193 1187 1435 1256 parem
1464 1187 1603 1234 esse
1630 1163 1857 1250 horis3
1888 1187 2021 1236 nec
2044 1165 2427 1253 mentitur:
2456 1192 2642 1242 nam

707 1274 766 1346 si
799 1273 948 1344 dies
985 1290 1090 1344 est
1128 1285 1415 1366 tempus
1458 1271 1708 1369 viginti
1763 1290 1836 1352 et
1884 1290 2195 1374 quatuor
2244 1275 2587 1350 horarum
2610 1331 2637 1366 ,

707 1405 986 1456 necesse
1015 1396 1120 1452 est
1163 1403 1413 1452 ornnes
1456 1379 1640 1452 inter
1683 1403 1754 1452 se
1800 1379 1949 1452 dies
1986 1405 2185 1475 pares
2220 1407 2404 1472 esse,
2451 1388 2639 1480 quia

705 1514 860 1564 nox
886 1489 1098 1560 habet
1140 1488 1347 1582 quod
1395 1488 1545 1560 dies
1578 1487 1904 1582 perdidit.
1936 1491 2135 1565 Alius
2176 1491 2273 1562 ait
2298 1542 2322 1578 ‚
2368 1518 2632 1585 parem

709 1623 850 1670 esse
867 1621 1097 1672 unum
1115 1595 1316 1674 ‚diem
1337 1595 1675 1666 omnibus
1692 1595 2157 1690 similitudine
2178 1625 2194 1666 z
2229 1597 2410 1677 nihil
2424 1601 2631 1673 enim

703 1708 936 1780 habe(
956 1705 1339 1808 longissimi
1366 1707 1708 1802 temporis
1734 1707 2079 1802 spatium,
2129 1707 2337 1801 quod
2360 1733 2515 1780 non
2547 1728 2632 1784 et
2706 1711 2713 1724 “

703 1820 780 1890 in
803 1841 956 1890 uno
976 1817 1095 1888 die
1119 1817 1427 1898 invenias
1447 1867 1470 1903 ,
1493 1815 1735 1888 lucem
1764 1831 1841 1889 et
1860 1834 2153 1890 noctem
2165 1843 2188 1904 3
2218 1834 2293 1889 et
2318 1816 2394 1889 in
2412 1820 2633 1890 alter·

704 1951 829 1998 nas
871 1925 1128 1998 mundi
1153 1927 1335 1998 vices
1360 1929 1565 2019 plura
1609 1925 1773 1998 facit
1817 1925 1979 2014 ista,
2031 1949 2186 1996 non
2223 1925 2399 2014 alia,
2453 1921 2631 1997 alias

705 2037 1130 2110 contractior
1148 2087 1171 2122 ,
1211 2028 1372 2105 alias
1399 2033 1837 2129 productior.
1878 2037 2131 2129 Itaque
2158 2036 2255 2107 sic
2284 2037 2632 2110 ordinan-

706 2146 838 2218 dus
881 2161 984 2216 est
1016 2143 1162 2216 dies
1209 2145 1484 2231 omniu
1534 2159 1906 2238 tamquam
1946 2161 2155 2244 cogat
2192 2169 2491 2244 agmen,
2544 2163 2628 2219 et

703 2274 1157 2328 consummet
1191 2268 1413 2346 atque
1446 2254 1729 2346 expleat
1764 2255 2008 2326 vitam.
2064 2255 2443 2346 Pacuvius,
2482 2258 2624 2352 qui

703 2367 978 2465 Syriam
1009 2390 1143 2439 usu
1185 2391 1384 2439 suam
1424 2364 1593 2438 fecit
1613 2417 1636 2453 ,
1668 2389 1903 2461 quum
1938 2369 2107 2440 vino
2136 2384 2209 2441 et
2246 2367 2379 2441 illis
2402 2369 2624 2443 fune-

702 2477 838 2549 reis
859 2478 1086 2572 epulis
1114 2477 1249 2549 sibi
1275 2491 1795 2572 parentaverat,
1829 2476 1927 2550 sic
1954 2478 2030 2549 in
2061 2478 2482 2551 cubiculum
2514 2479 2626 2551 fe-

701 2588 996 2659 rebatur
1013 2610 1054 2659 a
1077 2608 1297 2659 coena
1312 2636 1336 2673 ,
1363 2602 1449 2657 ut
1480 2586 1660 2656 inter
1684 2587 1965 2681 plausus
1990 2586 2439 2659 exoletorum
2467 2588 2618 2661 hoc

701 2696 796 2769 ad
835 2697 1332 2793 symphoniam
1376 2712 1749 2767 caneretur
1766 2745 1790 2783 ,
1834 2688 2157 2791 Βεβῖωται
2178 2749 2203 2787 ,
2242 2688 2572 2791 βεβίωται
2596 2698 2646 2777 Ξ,

701 2806 932 2880 Nullo
958 2829 1111 2879 non
1143 2830 1216 2879 se
1253 2804 1371 2877 die
1403 2805 1682 2877 extulit.
1714 2804 1913 2894 Hoc,
1944 2805 2151 2899 quod
2183 2806 2303 2877 ille
2329 2828 2421 2877 ex
2450 2831 2620 2878 ma-

700 2916 774 3015 la
795 2917 1222 2993 conscientia
1245 2912 1547 2987 faciebat
1564 2963 1588 3002 ‚
1614 2939 1744 2987 nos
1772 2940 1863 2987 ex
1890 2914 2481 2995 bona.faciamus;
2511 2932 2614 3004 et,

701 3025 784 3099 in
810 3048 1148 3101 somnum
1171 3023 1338 3096 ituri
1364 3076 1387 3111 ,
1433 3024 1603 3103 laeti
1624 3024 2019 3121 hilaresque
2048 3022 2403 3096 dicamus:

810 3132 1010 3207 Vixi!
1037 3151 1138 3209 et,
1167 3158 1348 3230 quem
1365 3132 1629 3205 dederat
1650 3158 1903 3205 cursum
1928 3134 2223 3221 Fortuna
2241 3185 2264 3209 .
2294 3136 2563 3233 peregi!

703 3240 1113 3317 Crastinum
1135 3244 1192 3313 si
1209 3243 1541 3314 adiecerit
1562 3244 1755 3315 Deus
1776 3295 1799 3331 ,
1826 3244 1991 3315 laeti
2015 3244 2452 3339 recipiamus.
2476 3246 2617 3318 Ille

703 3351 1138 3429 beatissimus
1159 3370 1262 3423 est
1281 3402 1305 3437 ,
1331 3368 1404 3421 et
1430 3374 1711 3423 securus
1747 3353 1856 3423 sui
1888 3378 2269 3445 possessor,
2308 3355 2437 3448 qui
2464 3379 2619 3427 cra·-

697 3462 969 3535 stinum
1007 3458 1158 3529 sine
1186 3459 1670 3541 sollicitudine
1708 3478 2086 3556 exspectat.
2118 3463 2461 3569 Quisquis
2498 3455 2619 3537 di-

695 3570 850 3640 xit:
891 3568 1084 3641 Vixi!
1108 3567 1440 3661 quotidie
1459 3567 1551 3641 ad
1578 3569 1859 3642 lucrum
1882 3572 2120 3669 surgit.

798 3674 942 3749 Sed
967 3681 1105 3749 iam
1131 3676 1364 3752 debeo
1387 3678 1757 3775 epistolam
1783 3679 2170 3754 includere.
2205 3720 2276 3736 —
2312 3676 2430 3755 Sic
2445 3733 2470 3772 ,
2494 3680 2616 3753 in-

701 3783 904 3887 quis,
923 3785 1076 3861 sine
1100 3788 1252 3863 uuo
1277 3787 1372 3863 ad
1395 3813 1516 3863 me
1536 3790 1823 3887 peculio
1856 3790 2148 3869 veniet?
2190 3828 2263 3847 -
2294 3789 2475 3867 Noli
2516 3792 2617 3865 ti-
