2809 4850
623 351 759 448 146
966 347 1081 424 ἰ.
1127 341 1588 420 ANNAEI
1633 341 2168 422 SENECAE

613 518 789 598 culis
811 527 1145 590 tremeret
1156 538 1179 600 ς
1206 509 1526 584 sederem
1547 510 1812 583 otiosus
1837 527 1915 584 et
1933 509 2286 588 eiusmodi
2311 537 2550 610 quae-

612 629 997 708 stiunculas
1019 645 1301 719 ponens
1320 649 1341 692 :
1437 622 1567 695 uod
1583 647 1708 694 non
1720 622 2106 720 perdidisti,
2137 625 2374 700 habes,-
2401 653 2548 698 cor-

562 771 579 788 ·
613 767 751 818 mla
779 755 998 811 autem
1032 757 1157 806 non
1192 730 1383 830 perdi
1440 733 1454 747 “
1487 733 1582 804 ti.-
1623 755 1866 802 cornua
1903 754 2056 826 ergo
2093 734 2328 806 habes.-
2369 737 2544 810 alia·

612 875 761 948 que
782 847 877 918 ad
900 841 1323 936 exemplum
1348 840 1562 910 huius
1599 855 1848 912 acutae
1895 840 2328 916 delirationis
2364 868 2540 917 con-

610 957 911 1029 cinnata.
939 948 1169 1040 Atqui
1201 969 1434 1040 aeque
1457 945 1623 1018 licet
1645 945 1944 1019 demens
1967 949 2099 1022 tibi
2142 950 2388 1024 videar
2411 1003 2436 1040 ‚
2476 953 2538 1026 si

609 1064 752 1138 istis
784 1056 1185 1154 inpendero
1209 1079 1543 1149 operam:
1576 1070 1650 1126 et
1675 1078 1870 1127 nunc
1907 1056 2261 1132 obsideor.
2315 1059 2536 1132 Tune

548 1189 553 1201 ·
606 1189 855 1250 tamen
894 1165 1297 1265 periculum
1336 1163 1516 1235 mihi
1563 1161 1846 1254 obsesso
1893 1183 2274 1240 externum
2322 1169 2538 1240 inmi-

608 1297 851 1369 neret3
887 1300 1135 1350 murus
1156 1297 1275 1347 me
1299 1273 1391 1346 ab
1425 1275 1630 1347 hoste
1655 1295 2082 1349 secerneret:
2116 1301 2312 1350 nunc
2343 1302 2537 1350 mor·-

607 1395 1130 1472 tiferamecum
1156 1403 1342 1460 sunt.
1370 1384 1544 1460 Non
1570 1408 1745 1460 vaco
1771 1385 1861 1462 ad
1882 1385 2039 1458 istas
2065 1389 2401 1483 ineptias:
2429 1391 2540 1460 in·

608 1526 781 1604 gens
807 1496 1185 1599 negotium
1208 1485 1638 1572 inmanibus
1666 1512 1787 1568 est.
1824 1496 2034 1602 Quid
2053 1523 2252 1596 agam
2275 1500 2310 1570 i‘
2345 1524 2540 1572 mors

610 1638 737 1690 me
755 1610 1105 1706 sequitur,
1127 1606 1314 1704 fugit
1332 1606 1515 1692 vita3
1543 1604 1869 1678 adversus
1889 1607 2062 1680 haec
2083 1633 2200 1680 me
2221 1610 2407 1682 doce
2427 1609 2542 1680 ali-

610 1720 837 1816 quid!
882 1717 1079 1794 effice
1112 1730 1197 1787 ut
1220 1737 1355 1812 ego
1386 1730 1697 1811 mortem
1724 1735 1876 1788 non
1906 1713 2212 1813 fugiam,
2239 1717 2386 1788 vita
2417 1740 2540 1790 me

612 1852 773 1902 non
794 1824 1103 1924 effugiat.
1140 1821 1533 1918 Exhortare
1571 1820 1904 1896 adversus
1926 1823 2268 1914 difficilia,
2299 1828 2397 1898 de
2421 1853 2544 1900 ae-

614 1937 1091 2035 quanimitate
1122 1933 1452 2006 adversus
1478 1932 1954 2006 inevitabilia:
1982 1937 2330 2033 angustias
2354 1953 2543 2010 tem-

610 2047 807 2144 poris
844 2045 987 2118 mei
1018 2046 1219 2130 Iaxa3
1264 2042 1449 2113 doce
1473 2093 1497 2131 ,
1531 2065 1688 2114 non
1729 2067 1873 2116 esse
1907 2045 2222 2138 positum
2247 2045 2540 2120 bonum

609 2157 799 2230 vitae
824 2154 903 2226 in
924 2153 1151 2246 spatio
1188 2151 1336 2223 eius
1354 2201 1379 2239 ,
1404 2151 1532 2222 sed
1550 2153 1626 2224 in
1659 2175 1824 2239 usu3
1855 2177 2056 2248 posse
2084 2153 2274 2244 fieri,
2303 2155 2542 2242 immo

610 2261 1006 2359 saepissime
1042 2259 1193 2332 fieri
1210 2309 1235 2347 ,
1285 2272 1416 2349 ut‚'
1457 2261 1590 2354 qui
1619 2259 1750 2344 diu
1780 2260 1959 2334 vixit
1980 2312 2003 2351 ,
2045 2287 2302 2358 parurn
2335 2266 2541 2358 viae-

611 2379 729 2451 rit.
774 2375 911 2447 Dic
950 2373 1126 2445 mihi
1169 2371 1607 2449 dormituro:
1661 2373 1872 2447 Potes
1914 2395 2068 2448 non
2105 2375 2540 2475 expergisci:

614 2488 735 2561 dic
759 2501 1219 2582 experrecto:
1260 2485 1476 2562 Potes
1503 2504 1660 2559 non
1685 2484 1996 2558 dormire
2028 2488 2371 2580 amplius:
2421 2487 2542 2561 dic

616 2598 951 2671 exeunti:
993 2596 1202 2669 Potes
1240 2618 1394 2669 non
1427 2596 1682 2669 reverti
1701 2622 1723 2683 3
1765 2595 1878 2667 dic
1901 2597 2278 2670 redeunti:
2328 2599 2542 2671 Potes

611 2730 773 2783 non
798 2706 1009 2781 exire.
1034 2702 1237 2777 Erras
1259 2759 1282 2794 ‚
1316 2706 1373 2777 si
1402 2707 1478 2777 in
1511 2706 1961 2803 navigatione
1987 2722 2270 2805 tantum
2303 2709 2545 2781 existi·

615 2841 765 2891 mas
784 2816 1175 2889 minimum
1212 2840 1395 2906 esse,
1441 2840 1594 2911 quo
1619 2841 1662 2886 a
1688 2833 1921 2889 morte
1957 2816 2102 2891 vita
2129 2818 2544 2907 diducitur:

614 2926 698 2998 in
736 2925 944 3005 omni
980 2927 1147 2997 loco
1173 2948 1403 3017 aeque
1444 2939 1666 2999 tenue
1708 2925 2166 2996 intervallum
2203 2943 2325 2997 est.
2361 2926 2540 2997 Non

616 3034 896 3130 ubique
921 3059 995 3106 se
1017 3059 1207 3107 mors
1238 3052 1383 3107 tam
1429 3036 1657 3129 prope'
1692 3033 2045 3106 ostendit:
2080 3034 2357 3129 ubique
2391 3055 2542 3107 tam

614 3169 847 3241 prope
874 3161 994 3215 est.
1034 3142 1179 3215 Has
1202 3142 1534 3214 tenebras
1555 3142 1864 3229 discute3
1901 3158 1975 3215 et
1998 3141 2270 3215 facilius
2295 3168 2374 3216 ea
2396 3160 2544 3215 tra-

614 3254 743 3328 des
762 3304 786 3340 ‚
811 3249 907 3323 ad
932 3275 1119 3344 quae
1139 3256 1584 3343 praeparatus
1607 3276 1784 3323 sum.
1816 3250 2098 3325 Dociles
2123 3268 2553 3327 naturanos.
2639 3288 2648 3297 ·

617 3361 883 3447 edidit,
920 3376 992 3434 et
1018 3360 1369 3430 rationem
1411 3351 1621 3431 dedit¹
1647 3360 2158 3454 inperfectam,
2197 3363 2322 3435 sed
2350 3386 2540 3455 quae

619 3470 865 3567 perfici
888 3484 1143 3563 posset.
1184 3466 1298 3539 De
1323 3468 1584 3540 iustitia
1607 3470 1790 3565 ¹mihi
1813 3520 1836 3558 ,
1873 3470 1964 3542 de
1994 3462 2260 3566 pietate
2286 3471 2538 3565 dispur·

558 3650 563 3655 ,
615 3595 735 3667 ta,
780 3578 873 3650 de
910 3575 1345 3674 frugalitate,
1376 3576 1470 3647 de
1493 3578 1840 3672 pudicitia
1881 3594 2227 3673 utraque,
2268 3598 2346 3670 et
2375 3579 2535 3670 illa,

618 3688 736 3761 cui
759 3687 971 3759 alieni
996 3688 1309 3783 corporis
1340 3685 1764 3759 abstinentia
1793 3704 1928 3776 est,
1964 3706 2038 3783 et
2061 3690 2192 3761 hac
2212 3740 2236 3776 ‚
2277 3690 2396 3761 cui
2424 3688 2537 3761 sui

496 3806 513 3821 ⁶
617 3820 805 3887 eura.
832 3793 908 3869 Si
933 3822 1053 3873 me
1086 3800 1398 3875 nolueris
1417 3823 1548 3895 per
1576 3799 1784 3873 devia
1809 3798 2110 3891 ducere,
2140 3798 2408 3883 facilius
2435 3798 2530 3887 ad
