2809 4850
522 393 1340 477 EPISTOLA
1414 397 1723 489 xvii.
1880 366 1921 464 ’.
1998 427 2105 506 5¹.

153 571 362 644 trahe
385 591 558 667 ergo
585 583 662 640 te
691 589 734 660 a
760 565 992 638 vanis!
1028 579 1116 638 et·
1130 589 1367 659 quum
1391 567 1589 638 voles
1611 565 1789 638 scire
1810 616 1833 653 ‚
1878 569 2089 660 quod

159 679 340 772 petis
365 693 618 750 utrum
649 675 1054 748 naturalem*
1069 675 1328 745 habeat
1347 713 1370 760 3
1399 695 1493 744 an
1512 697 1784 745 caecam
1810 676 2090 769 cupidis-

159 801 379 856 tatem
395 836 421 872 ,
469 780 838 856 considera
886 807 978 854 an
1014 783 1230 876 possit
1268 783 1535 854 alicubi
1573 782 1966 855 consistere.
2007 783 2086 875 Si

159 897 380 992 longe
397 916 773 992 progresso
793 915 1076 986 semper
1099 891 1373 984 aliquid
1391 893 1675 992 longius
1692 907 1941 983 :eatan
1966 893 2093 973 sci-

167 1023 243 1079 to
277 1006 355 1080 id
387 1006 714 1078 naturale
746 1027 900 1075 non
929 1027 1090 1075 esse.
1119 1001 1323 1080 Vale.
1410 1001 1417 1014 '

607 1162 1261 1238 EP1SToLA
1339 1108 1625 1239 xvn.

170 1289 550 1360 Philosophiam
582 1299 754 1342 autem
791 1301 894 1340 non
915 1286 1235 1340 differendam
1250 1323 1268 1350 .
1290 1288 1687 1356 amplectendam
1709 1289 1914 1344 omissis
1936 1253 2115 1370 *rebus
2154 1329 2161 1334 .

295 1369 556 1424 omnibus.
586 1369 656 1420 At
677 1383 870 1436 pauper
895 1385 1004 1420 ero.
1043 1366 1183 1433 Quid
1207 1368 1253 1420 si
1279 1367 1377 1436 ipe
1404 1371 1777 1438 expetendum?
1800 1363 2098 1438 expeditiub

295 1444 758 1518 philosophaberis.
783 1446 888 1498 lam
912 1445 1103 1500 Natura
1131 1441 1294 1515 phet
1311 1447 1591 1503 desiderat:
1617 1462 1772 1518 atque
1792 1467 1853 1507 en
1880 1467 1984 1504 non
2000 1452 2097 1506 de-

293 1539 468 1619 efant.
499 1528 766 1619 mansula?
789 1525 892 1578 eui
919 1537 1188 1596 paupertas
1217 1526 1413 1598 gravis,
1436 1529 1589 1584 etiam
1618 1545 1743 1600 opes
1766 1542 1950 1595 πυτς
1975 1547 2125 1592 nan.-

291 1619 488 1662 vmum
511 1619 592 1662 est
611 1624 666 1659 m
689 1622 878 1661 ammo.

549 1739 659 1812 SE
667 1754 894 1814 NECA
939 1737 1196 1812 Lucilio
1229 1764 1345 1814 suo
1383 1739 1439 1814 S
1440 1742 1702 1816 alutem.

177 1843 274 1980 P
281 1917 566 1975 nonen
611 1903 854 1974 omnia
897 1903 1067 1993 ista,
1104 1905 1162 1974 si
1193 1903 1411 1998 sapis,
1456 1903 1687 1974 immo
1714 1918 1798 1977 ut
1844 1905 2096 2002 sapias.

173 2028 246 2081 et
267 2011 362 2083 ad
403 2011 676 2083 bonam
711 2029 1034 2084 mentem
1075 2036 1340 2124 magno
1363 2035 1576 2086 cursu
1613 2035 1696 2084 ac
1724 2016 1891 2084 totis
1932 2015 2103 2086 viri-

173 2120 313 2193 bus
333 2121 578 2197 tende.
628 2119 701 2196 Si
738 2121 922 2218 quid
961 2139 1062 2194 est
1093 2145 1248 2216 quo
1290 2123 1594 2210 teneris,
1632 2139 1759 2194 aut
1790 2103 2099 2218 expedi,

172 2247 300 2302 aut
323 2229 586 2302 incide.
626 2266 699 2283 -·
747 2229 1180 2320 ‚‚Moratur,
1211 2229 1489 2324 inquis,
1520 2253 1636 2302 me
1662 2254 1769 2301 res
1794 2231 2099 2304 familia-

167 2337 296 2408 ris!
347 2338 445 2410 sic
487 2339 684 2408 illam
733 2337 1108 2434 disponere
1161 2341 1370 2427 volo,
1428 2353 1513 2409 ut
1565 2339 1877 2410 sufficere
1916 2341 2115 2414 nihil·

169 2448 411 2545 agenti
449 2448 704 2541 possit3
763 2472 858 2519 ne
907 2466 1030 2519 aut
1071 2464 1445 2542 paupertas
1492 2446 1672 2517 mihi
1723 2432 1917 2519 oneri
1964 2451 2117 2539 sit,‘

167 2575 300 2627 aut
328 2578 462 2653 ego
488 2555 719 2627 alicui.
735 2562 785 2601 ‘⁶
822 2594 894 2607 -
947 2558 1204 2661 Quum
1227 2556 1374 2626 hoc
1405 2554 1612 2641 dicis,
1656 2576 1808 2625 non
1840 2555 2101 2629 videris

169 2669 325 2737 vim
349 2690 432 2739 ac
455 2668 852 2761 potentiam
882 2668 1068 2755 eius,
1098 2666 1191 2739 de
1221 2692 1374 2767 quo
1400 2667 1663 2763 cogitas
1683 2717 1706 2754 ,
1737 2666 1912 2755 boni
1934 2692 2101 2739 nos·
2194 2746 2207 2757 ,

173 2801 277 2845 se:
324 2792 400 2847 et
445 2799 797 2846 summam
850 2774 1151 2869 quidem
1197 2768 1300 2843 rei'
1334 2770 2115 2867 pervides,'quantutn'

155 2882 630 2977 -philosophia
667 2884 931 2975 prosit5
987 2900 1218 2976 partes
1265 2897 1507 2949 autern
1551 2879 1893 2951 nondum
1936 2884 2099 2953 satis
2146 2918 2151 2921 ·

171 2993 530 3065 subtiliter
569 2989 888 3088 dispicis,
924 3014 1058 3063 nec
1103 2990 1283 3061 dum
1331 2990 1502 3077 scis,
1535 3006 1892 3081 quantum
1938 2993 2099 3063 ubi-

173 3126 323 3193 que
345 3124 482 3171 nos
484 3094 804 3173 adiuvet
821 3150 845 3188 ‚
889 3095 1512 3193 quemadmodum
1540 3113 1613 3168 et
1638 3101 1705 3169 in
1747 3102 2101 3188 maximis-0·

172 3224 260 3277 ut
301 3209 742 3280 CICERONIS
779 3222 936 3278 utar
959 3207 1185 3278 verbo
1209 3256 1232 3291 ‚
1281 3204 1673 3305 opituletur
1714 3225 1779 3277 et
1816 3206 1885 3279 in
1907 3199 2099 3280 mini-

173 3342 285 3387 ma
319 3316 680 3389 descendat.
717 3311 902 3387 Mihi
925 3315 1184 3403 crede,
1226 3315 1494 3386 advoca
1530 3315 1777 3386 illam
1758 3335 1835 3386 in
1868 3318 2105 3389 consi-¹

172 3430 397 3501 lium!
439 3427 769 3499 suadebit
795 3426 968 3517 tibi,
1009 3451 1104 3499 ne
1129 3427 1220 3498 ad
1250 3430 1555 3501 calculos
1578 3428 1835 3504 sedeas.
1868 3426 2105 3507 Nem·-

172 3562 270 3634 pe
295 3540 440 3610 hoc
462 3540 740 3633 quaeris
757 3592 780 3627 ‚
807 3558 877 3613 et
904 3542 1043 3613 hoc
1070 3541 1196 3612 ista
1222 3538 1563 3630 dilatione
1582 3543 1685 3611 vis
1707 3540 2093 3633 consequi,

171 3672 268 3721 ne
295 3650 426 3721 tibi
463 3668 846 3745 paupertas
887 3649 1206 3720 timenda
1231 3650 1350 3719 sit:
1380 3648 1589 3770 Quid
1612 3650 1667 3719 si
1692 3647 2113 3742 adpetenda

169 3772 308 3829 est.
289 3757 328 3809 ἶ)
345 3757 599 3828 Multis
615 3756 710 3827 ad
727 3756 1386 3851 philosophandum
1406 3755 1745 3827 obstitere
1760 3756 2094 3829 divitiae·
2067 3808 2095 3847 ‚

165 3880 547 3961 paupertas
580 3864 922 3961 expedita
945 3880 1092 3957 est,
1135 3886 1377 3937 secura
1414 3879 1537 3938 est.
1578 3864 1836 3971 Quum
1870 3865 2099 3939 classi-
