2809 4850
564 353 1375 434 EPISTOLA
1453 361 1789 439 XXIX.
2027 379 2119 470 9'5

174 543 381 596 nem
408 519 727 594 fecerint.
772 519 943 592 Non
978 537 1081 594 est
1124 522 1263 596 hoc
1301 523 1538 618 ipsum
1570 524 2079 604 fastidiendum
2097 589 2121 626 ,

176 631 549 724 quoniam
590 630 890 724 quidem
932 630 1228 728 graviter
1266 631 1560 706 adfectis
1601 637 1906 710 sanitatis
1947 643 2114 722 loco

177 755 294 812 est
316 743 527 812 bona
554 741 884 814 remissio.
916 741 1117 814 Dum
1154 763 1273 816 me
1306 743 1410 814 ini
1435 769 1642 840 paro,
1680 764 1762 822 tu
1785 749 2070 826 interim
2091 807 2114 842 ,

176 849 327 943 qui
351 871 563 945 potes
584 900 607 934 ,
652 849 783 944 qui
818 849 1183 948 intelligis,
1225 851 1422 924 unde
1443 902 1468 940 ,
1503 877 1658 947 quo
1681 860 2002 948 evaseris,
2038 883 2118 936 et

180 985 287 1034 ex
334 985 426 1032 eo
453 961 849 1056 suspicaris,
879 953 1264 1056 quousque
1304 963 1389 1033 sis
1435 987 1796 1053 evasurus,
1839 988 2118 1065 conpo-

181 1094 293 1143 ne
318 1095 551 1146 mores
576 1089 740 1144 tuos
760 1123 783 1160 ,
810 1072 1079 1144 adtolle
1110 1072 1437 1144 animum
1456 1121 1480 1160 ,
1519 1075 1848 1148 adversus
1868 1078 2116 1152 formi-

186 1181 360 1252 data
380 1182 717 1268 consiste3
752 1206 1123 1253 numera-re
1148 1207 1267 1254 eos
1298 1185 1488 1272 noli,
1518 1187 1650 1278 qui
1673 1187 1808 1258 tibi
1831 1207 2112 1266 metum

184 1289 487 1363 faciunt.
518 1293 785 1364 Nonne
809 1290 1135 1364 videatur
1166 1292 1418 1363 stultus
1437 1343 1460 1380 ,
1503 1295 1558 1364 si
1585 1295 1742 1387 quis
1777 1299 2112 1372 multitu-

187 1401 448 1474 dinem
488 1427 577 1473 eo
622 1403 787 1474 loco
820 1402 1110 1488 timeat,
1163 1425 1291 1496 per
1332 1427 1558 1496 quem
1603 1405 1928 1478 transitus
1963 1409 2108 1482 sin-

184 1515 371 1612 gulis
408 1517 565 1588 est?
606 1513 863 1610 Aeque
900 1513 1213 1587 ad=tuam
1252 1529 1562 1594 mortem
1607 1518 1849 1588 multis
1875 1522 2114 1596 aditus

183 1645 341 1692 non
368 1639 513 1711 est,
542 1623 709 1696 licet
736 1622 929 1692 illam
958 1619 1171 1692 multi
1200 1620 1588 1698 minentur.
1616 1617 1732 1694 Sic
1752 1619 1961 1699 ‘Istud
1983 1653 2110 1701 na.

180 1749 349 1803 tura
394 1730 773 1852 disposuit·
819 1729 1148 1824 spiritum
1194 1727 1330 1801 tibi
1370 1747 1520 1802 tam
1584 1755 1770 1805 unus
1819 1736 2110 1831 eripiet,

183 1865 418 1934 quam
444 1840 625 1911 umis
644 1837 863 1910 dedit·

282 1949 358 2022 Si
382 1950 738 2072 pudorem
765 1947 1051 2020 haberes
1072 1999 1095 2036 ,
1123 1947 1452 2022 ultimam
1478 1947 1656 2020 mihi
1679 1953 2108 2044 pensionem

182 2059 585 2130 remisisses·
624 2057 751 2128 sed
774 2079 869 2129 ne
908 2081 1041 2154 ego
1072 2056 1371 2150 quidem
1398 2082 1518 2128 me
1551 2060 1836 2132 sordide
1869 2089 2108 2160 geram

182 2171 263 2240 in
292 2169 541 2242 fenore
576 2169 747 2240 aeris
786 2169 1034 2255 alieni,
1087 2186 1164 2240 et
1202 2168 1375 2258 tibi,
1420 2170 1626 2264 quod
1667 2172 1902 2248 debeo
1921 2229 1946 2265 ,
1991 2181 2102 2252 in-

180 2285 502 2381 pingam.
542 2281 913 2380 Numquam
936 2283 1109 2354 volui
1124 2281 1355 2384 populo
1370 2282 1633 2380 placere
1654 2311 1676 2354 .·
1727 2311 1912 2364 nam,
1940 2317 2106 2386 quae

181 2420 300 2491 ego
339 2397 473 2466 scio
491 2446 519 2475 0
552 2418 675 2467 non
698 2393 929 2493 probat
962 2393 1237 2491 populus
1256 2417 1284 2465 .·
1334 2415 1496 2488 quae
1519 2395 1759 2492 probat
1783 2402 2095 2498 populus,

180 2528 303 2599 ego
328 2506 561 2575 nescio.
592 2542 663 2555 --
706 2502 887 2605 Quis
924 2503 1101 2575 hoc.
1084 2501 1163 2555 Ρ
1144 2502 1405 2595 mquis.
1435 2542 1505 2555 ·-
1543 2504 1948 2600 Tamquam
1970 2534 2100 2583 ne-

180 2614 389 2701 scias,
416 2614 537 2685 cui
568 2614 958 2707 imperem!
991 2614 1532 2687 Erlcunus.
1568 2614 1711 2689 Sed
1737 2618 1929 2693 idern
1960 2622 2102 2694 hoc

184 2746 439 2821 ornnes
479 2722 613 2795 tibi
640 2745 733 2792 ex
770 2721 975 2795 omni
1017 2721 1242 2793 domo
1270 2724 1866 2815 conclamabunt,
1912 2715 2106 2801 Peri-

180 2816 521 2926 patetici,
562 2830 970 2904 Academici
990 2881 1015 2918 ,
1058 2830 1315 2919 Stoici,
1367 2831 1640 2927 Cynici.
1694 2836 1912 2939 Quis
1905 2841 2104 2913 enim

181 2942 465 3034 placere
486 2958 723 3035 potest
744 2942 1061 3036 populo,
1083 2942 1203 3011 cui
1226 2935 1459 3037 placet
1486 2942 1752 3013 virtus?
1781 2945 1982 3019 Malis
2000 2973 2104 3019 ar·

183 3053 381 3124 tibus
424 3054 787 3149 popularis
828 3053 1028 3126 favor
1067 3054 1472 3147 quaeritur.
1525 3054 1828 3127 similem
1861 3079 1934 3129 te
1970 3061 2106 3131 illis

180 3164 389 3239 facias
426 3181 750 3261 oportetz
800 3168 953 3237 non
975 3163 1391 3259 probabunt
1409 3215 1433 3251 ,
1473 3165 1606 3236 nisi
1657 3168 2098 3265 agnoverint.

183 3272 426 3347 Multo
464 3292 707 3346 autem
736 3274 832 3346 ad
868 3298 1021 3345 rem
1056 3270 1277 3368 magis
1316 3274 1671 3366 pertinet,
1713 3274 1942 3368 qualis
1963 3275 2128 3346 tibi,

183 3380 519 3469 videaris,
560 3406 781 3474 quam
815 3381 1037 3475 qualis
1074 3382 1241 3451 aliis.
1276 3382 1650 3454 Conciliari
1671 3434 1694 3469 ,
1741 3382 1876 3455 nisi
1907 3384 2100 3476 turpi

179 3490 493 3575 ratione,
522 3512 725 3561 amor
745 3489 1071 3582 turpium
1097 3512 1250 3561 non
1277 3508 1533 3583 potest.
1583 3491 1792 3595 Quid
1813 3516 1982 3588 ergo
2010 3492 2100 3563 il-

178 3602 249 3671 la
274 3600 557 3671 laudata
580 3649 603 3686 ,
632 3616 705 3671 et
728 3600 1064 3673 omnibus
1090 3601 1546 3695 praeferenda
1571 3602 1836 3674 artibus
1854 3602 2102 3678 rebus-

182 3733 337 3800 que
356 3758 379 3795 ,
426 3709 886 3804 Philosophia
924 3708 1353 3803 praestabit?
1400 3707 1726 3797 Scilicet,
1769 3725 1852 3781 ut
1897 3711 2098 3783 malis

179 3818 318 3891 tibi
350 3820 673 3914 placere,
700 3842 925 3915 quam
963 3820 1280 3915 popu103
1316 3832 1402 3890 ut
1436 3817 1754 3893 aestimes
1789 3819 2132 3911 iudicia,-
