2809 4850
777 344 1580 426 EP1·5TOLA
1661 353 1800 435 LI.
2111 365 2242 464 15'1

320 525 411 584 ut
430 501 901 611 ‘inrita-menta
939 509 1281 584 vitiorum
1312 503 1540 607 quarn'
1561 499 1970 613 longissime
1993 511 2250 614 prolis-⁴

318 624 613 720 giamus.
640 621 1093 694 Indurandus
1122 638 1227 694 est
1248 621 1527 694 animus
1544 671 1568 710 ,
1605 639 1682 697 et
1711 649 1751 694 a
1787 623 2247 698 blandimen-

318 732 407 804 tis
432 733 901 824 voluptatum
938 730 1193 825 procul
1222 729 1747 805 abstrahendus.
1790 731 1948 808 Una
1971 733 2250 806 Hanni-

318 841 565 912 balem
606 839 906 912 hiberna
960 841 1368 928 solverunt3
1426 857 1500 914 et
1533 840 1984 916 indomitum
2031 843 2249 920 illuns
2323 879 2328 884 “

318 949 614 1024 nivibus
658 967 879 1044 atque
930 948 1238 1044 Alpibus
1276 950 1516 1030 virum
1563 969 2080 1026 enervaverunt
2131 951 2248 1026 fo·

322 1073 569 1131 menta
608 1057 1061 1154 Campaniae.
1120 1057 1365 1130 Armis·
1390 1060 1606 1150 vicit,
1643 1060 1829 1164 vitiis
1858 1060 2088 1135 victus
2119 1077 2248 1137 est.

323 1170 559 1243 Nobis
583 1193 885 1264 quoque
914 1168 1373 1240 militandum
1398 1182 1504 1240 est
1529 1198 1548 1240 τ
1603 1184 1681 1240 et
1705 1167 2006 1264 quidem
2028 1193 2250 1268 gene-

318 1303 397 1350 re
450 1278 785 1367 militiae,
864 1302 1018 1372 quo
1070 1301 1476 1385 numquam
1526 1277 1730 1372 quies
1756 1329 1783 1369 ,
1836 1301 2249 1374 numquam

320 1389 561 1462 otium
584 1386 815 1464 datur.
841 1388 1333 1462 Debellandae
1350 1406 1520 1464 sunt
1542 1391 1620 1462 in
1646 1391 1890 1484 primis
1915 1394 2246 1486 volupta-
2281 1464 2292 1484 J

317 1517 462 1570 tes·
510 1521 735 1591 quae,
777 1513 865 1569 ut
884 1497 1129 1584 vides,
1167 1521 1365 1569 saeva
1394 1521 1698 1592 quoque
1728 1497 1826 1569 ad
1847 1521 1919 1570 se
1958 1499 2245 1597 ingenia

292 1622 734 1698 ,rapuerunt-
803 1601 887 1676 Si
927 1604 1089 1697 quis
1136 1603 1269 1674 sibi
1320 1607 1812 1698 proposuerit,
1879 1629 2244 1702 quantum

302 1717 569 1810 operis
608 1713 960 1814 adgressus
1005 1713 1103 1784 sit
1127 1764 1154 1802 ,
1214 1716 1385 1786 sciet
1433 1716 1610 1788 nihil
1663 1718 2006 1808 delicate,
2053 1719 2243 1792 nihil

318 1827 639 1898 molliter
676 1849 820 1896 esse
849 1822 1283 1896 faciendum.
1314 1823 1524 1928 Quid
1553 1823 1730 1894 mihi
1754 1849 1924 1897 cum
1955 1826 2096 1898 istis
2122 1849 2242 1905 ca·

318 1931 641 2018 lentibus
658 1929 960 2028 stagnis?
988 1929 1173 2023 quid
1191 1953 1361 2005 cum
1375 1931 1746 2004 sudatoriis
1757 1985 1780 2022 ,
1811 1939 1886 2006 in
1906 1960 2093 2031 quae
2110 1937 2244 2009 sic·-

318 2041 445 2114 c‘us
476 2064 700 2132 vapor
723 2063 1023 2134 corpora
1067 2040 1536 2110 exhausturus
1568 2042 2006 2118 includitur?
2049 2045 2245 2116 Om-

316 2152 424 2227 nis
460 2149 685 2222 sudor
719 2153 848 2243 per
874 2148 1189 2240 laborem
1230 2151 1478 2252 exeat!
1511 2148 1586 2220 Si
1621 2151 2012 2231 faceremus
2031 2152 2244 2248 quod

314 2256 488 2329 fecit
512 2255 913 2343 Hannibal,
944 2273 1027 2325 ut
1050 2255 1450 2350 interrupto
1483 2280 1694 2330 cursu
1715 2283 1952 2332 rerum
1974 2311 1997 2350 ,
2023 2263 2244 2334 omis-

315 2355 549 2457 soque
587 2363 819 2453 bello,
870 2363 1200 2435 fovendis
1237 2364 1654 2458 corporibus
1695 2389 1990 2461 operam
2035 2368 2239 2441 dare·-

316 2500 481 2547 mus
498 2501 523 2560 3
569 2498 787 2547 nemo
817 2474 969 2546 non
994 2474 1571 2569 intempestivam
1604 2476 1943 2551 desidiam
1964 2528 1994 2569 ,
2015 2479 2240 2553 victo·
2337 2511 2342 2518 “

314 2588 377 2661 ri
400 2612 759 2683 quoque,
788 2587 1068 2663 nedum
1093 2587 1448 2675 vincenti,
1477 2589 1985 2683 periculosam,
2027 2591 2240 2663 meri-

316 2714 399 2781 to
424 2698 1000 2793 reprehenderet.
1032 2700 1269 2769 Minus
1288 2698 1499 2771 nobis
1514 2750 1537 2787 ,
1567 2725 1787 2793 quam
1813 2702 1944 2772 illis
1967 2702 2237 2775 Punica

196 2876 213 2886 ,,
276 2832 281 2840 ·
320 2805 513 2902 signa
528 2808 1014 2900 sequentibus,
1037 2806 1227 2878 licet:
1253 2810 1416 2901 plus
1435 2808 1728 2899 periculi
1745 2825 1954 2880 restat
1972 2810 2236 2893 ceden-

178 2931 181 2932 ’
228 2998 233 3002 ,
320 2918 556 3005 tibus,
594 2920 755 3009 plus
780 2919 1009 3013 operis
1028 2918 1241 2988 etiam
1268 2918 1894 3017 perseverantibus.»
1917 2919 2236 2998 Fortuna

273 3072 283 3087 ι
320 3052 614 3099 mecum
640 3028 826 3102 bella
864 3030 1075 3127 gerit:
1122 3050 1274 3099 non
1297 3050 1456 3098 sum
1495 3027 1836 3121 imperata
1875 3026 2234 3117 facturus;

296 3140 573 3235 'iugum
602 3164 751 3211 non
776 3141 1079 3235 recipioz
1128 3140 1359 3211 immo
1379 3190 1402 3228 ‚
1444 3137 1652 3232 quod
1676 3138 1942 3219 maiore
1967 3138 2234 3210 virtute

320 3247 725 3321 faciendum
752 3268 877 3337 est,
904 3252 1237 3323 excutioi
1260 3249 1434 3321 Non
1460 3264 1561 3321 est
1583 3240 2056 3323 'emolliendus
2078 3250 2234 3321 ani*-

322 3380 502 3427 mus.
540 3354 615 3428 Si
638 3360 997 3453 voluptati
1037 3384 1301 3431 cessero
1317 3409 1342 3446 ,
1382 3356 1798 3435 cedendum.
1813 3373 1928 3456 ‚est
1953 3358 2232 3454 dolori,
2265 3399 2270 3411 ι

192 3512 195 3515 ·
228 3550 237 3561 o
318 3466 730 3561 cedendum
751 3470 1009 3559 labori,
1030 3469 1438 3542 cedendum
1459 3482 1564 3539 est
1583 3468 2013 3561 paupertati3
2032 3467 2230 3545 idem
2292 3488 2297 3493 ’

316 3580 452 3653 sibi
478 3583 559 3654 in
580 3606 709 3655 me
736 3584 903 3669 iuris
926 3608 1066 3655 esse
1088 3584 1286 3655 volet
1312 3598 1385 3653 e't
1406 3581 1706 3657 ambitio
1720 3632 1742 3669 ,
1785 3596 1858 3651 et
1881 3580 2020 3667 ira;
2045 3580 2232 3655 inter
2289 3606 2292 3611 ·
2387 3655 2394 3663 ,

318 3710 436 3765 tot
468 3692 790 3793 adfectus
826 3694 1203 3782 distrahar,
1240 3695 1472 3766 immo
1509 3692 1870 3787 discerpat.
1913 3691 2230 3765 Libertas

314 3804 688 3901 proposita
721 3820 865 3881 esta
901 3804 995 3879 ad
1019 3806 1161 3879 hoc
1184 3804 1586 3901 praemium
1613 3800 1990 3886 laboratur·
2019 3803 2232 3911 Quae
