2809 4850
642 308 815 442 ‘242
1055 339 1138 418 L
1185 338 1649 414 ANNAm
1699 335 2253 414 SENECAE

667 505 929 582 vitium
969 519 1294 576 nostrum
1334 516 1486 589 est,
1542 499 1671 593 qui
1677 549 1713 588 ,
1766 500 1973 595 quod
2020 499 2277 574 dicitur
2330 499 2425 574 de
2466 495 2603 576 Sa·

667 616 948 712 piente,
981 612 1326 710 exigimus
1355 628 1431 682 et
1461 634 1502 681 a
1524 609 1967 684 Proficiente.
2020 605 2312 686 Suadeo
2344 612 2599 686 adhuc

666 727 848 800 mihi
875 727 1000 796 ista
1028 747 1216 817 quae
1243 719 1503 808 laud0,
1540 721 1876 794 nondum
1906 723 2337 816 persuadeo}
2370 725 2593 801 etiam

663 835 719 908 si
741 833 1219 930 pemmissem
1244 881 1268 919 ,
1289 829 1625 916 nondum
1652 846 1800 904 tam
1826 848 2063 926 parata
2092 833 2433 904 haberem
2456 851 2591 906 aut

663 959 810 1016 tam
845 943 1261 1026 exercitata,
1308 957 1395 1010 ut
1426 937 1520 1009 ad
1556 961 1809 1013 omnes
1838 963 2033 1011 casus
2059 933 2586 1033 procurrerent}

661 1049 1310 1157 Quemadmodum
1335 1052 1497 1120 lana
1518 1048 1873 1142 quosdam
1897 1052 2167 1122 colotes
2190 1053 2415 1122 semel
2440 1051 2587 1124 du-

661 1165 797 1251 cit,
839 1162 1236 1255 quosdam,
1281 1159 1418 1232 nisi
1448 1161 1719 1254 saepius
1758 1178 2101 1259 macerata
2140 1178 2213 1234 et
2256 1178 2585 1250 recocta,

659 1295 812 1346 non
837 1271 1189 1366 perhibita
1231 1274 1329 1345 sic
1351 1271 1514 1342 alias
1544 1271 1944 1366 disciplinas
1976 1270 2295 1370 ingenia,
2342 1297 2584 1365 quum

656 1401 988 1472 accepere
1006 1431 1030 1468 ‚
1064 1382 1391 1474 protinus
1428 1398 1814 1474 praestant5
1866 1383 2077 1469 haec,
2112 1381 2243 1452 nisi
2274 1383 2419 1452 alte
2454 1382 2586 1454 de·

653 1490 930 1562 scendit
952 1540 976 1578 ,
1009 1508 1083 1563 et
1113 1491 1241 1564 diu
1277 1493 1498 1580 sedit,
1526 1508 1601 1564 et
1632 1493 1957 1578 animum
1999 1516 2155 1564 non
2192 1485 2585 1583 coloravit,

653 1599 780 1672 sed
812 1598 1099 1689 infecit,
1141 1601 1331 1674 nihil
1349 1625 1448 1674 ex
1468 1601 1607 1690 liis,
1651 1625 1837 1697 quae
1865 1601 2327 1697 promiserat,
2374 1627 2583 1699 prae-

652 1727 809 1782 stat.
843 1710 1013 1782 Cito
1048 1712 1190 1784 hoc
1226 1729 1465 1807 potest
1486 1713 1665 1785 trali
1685 1764 1709 1803 ,
1752 1727 1828 1785 et
1852 1714 2287 1809 paucissimis
2312 1716 2579 1805 verbis,

661 1818 876 1890 Unum
901 1819 1158 1891 Bonum
1206 1847 1336 1892 esse
1369 1821 1681 1893 Virtutem
1694 1873 1720 1898 .
1760 1823 2013 1894 nullum
2054 1837 2225 1914 certe
2258 1823 2404 1898 she
2444 1826 2581 1898 vir-

655 1947 796 2000 tute
819 1954 851 2003 ‚⁶
901 1947 968 2001 et
1011 1930 1218 2028 ipsam
1277 1931 1591 2004 Virtutem
1638 1934 1709 2002 in
1755 1949 1951 2030 parte
2004 1935 2213 2004 nostri
2272 1935 2537 2004 meliore
2554 1987 2580 2009 .

651 2038 728 2108 id
761 2054 898 2112 est.
933 2039 1288 2113 rationali,
1312 2043 1615 2137 postam.
1676 2037 1881 2144 Quid
1914 2039 2047 2112 erit
2078 2042 2255 2114 haec
2280 2041 2581 2115 Virtus?

649 2142 1002 2216 iudicium
1043 2165 1298 2216 verum
1323 2162 1396 2217 et
1425 2141 1839 2233 inmotum-3
1875 2145 1967 2217 ab
2011 2149 2151 2220 hoc
2190 2149 2389 2220 enim
2436 2151 2579 2220 im·

647 2272 862 2347 petus
917 2252 1210 2324 venient
1257 2255 1556 2340 mentis3
1604 2253 1697 2325 ab
1764 2253 1909 2326 hoc
1960 2277 2209 2328 omnes
2261 2256 2525 2350 species
2546 2307 2573 2345 ,

647 2387 838 2457 quae
862 2362 1220 2457 impetum
1241 2379 1573 2451 movent,
1600 2362 2014 2464 redigentur
2044 2363 2140 2439 ad
2176 2364 2575 2461 liquidum.

647 2473 846 2545 Huic
885 2471 1155 2543 iudicio
1202 2488 1763 2573 consentaneum
1813 2474 1987 2562 erit,
2036 2474 2325 2566 omnia,
2385 2499 2574 2568 quae

645 2581 913 2654 virtute
945 2594 1273 2651 contacta
1296 2596 1467 2665 sunt
1487 2632 1509 2669 ‚
1524 2597 1631 2653 *et
1653 2581 1849 2653 bona
1873 2577 2185 2653 iudicare
2200 2633 2227 2669 ,
2280 2600 2356 2655 et
2378 2584 2569 2655 inter

641 2714 718 2765 se
755 2689 966 2785 paria.
1003 2688 1408 2783 Corporum
1432 2704 1675 2759 autem
1719 2687 1915 2760 bona
1954 2688 2374 2783 corporibus
2400 2690 2569 2782 qui-
2633 2749 2637 2753 .

643 2800 827 2875 dem
849 2800 1046 2871 bona
1070 2812 1238 2869 sunt
1257 2823 1285 2884 3
1302 2797 1432 2870 aed
1452 2798 1533 2869 in
1556 2812 1801 2870 totum
1824 2818 1973 2871 non
2000 2818 2169 2871 sunt
2188 2798 2405 2869 bona.
2430 2799 2565 2870 His

643 2911 964 3005 pretium
1001 2909 1300 3002 quidem
1345 2909 1481 2981 erit
1524 2908 1821 3002 aliquod
1840 2958 1863 2996 ‚
1902 2926 2221 2982 ceterum
2261 2909 2566 3007 dignitas

645 3044 802 3093 non
845 3022 1012 3107 erit3
1057 3022 1326 3118 magnis
1362 3018 1550 3119 inter
1596 3044 1670 3091 se
1718 3020 2098 3092 intervallis
2147 3020 2519 3093 distabunt
2536 3048 2560 3108 ;

643 3120 776 3201 alia
795 3129 1070 3201 maiora
1083 3178 1106 3217 ,
1131 3130 1264 3199 alia
1283 3127 1571 3199 minora
1585 3144 1819 3199 erunt.
1863 3126 1957 3197 Et
1980 3127 2057 3198 in
2078 3127 2242 3221 ipsis
2262 3126 2565 3221 Sapien-

639 3238 818 3309 tiam
849 3234 1276 3309 sectantibus
1301 3224 1553 3333 magna
1584 3234 1981 3307 discrimina
2002 3258 2144 3307 esse
2160 3287 2183 3324 ‚
2214 3233 2563 3308 fateamur

643 3368 924 3419 necesse
955 3359 1076 3415 est.
1097 3342 1294 3413 Alius
1315 3343 1555 3417 iamzin
1582 3359 1861 3415 tantum
1880 3344 2190 3437 ‚profecit
2210 3396 2236 3433 ,,
2270 3360 2355 3419 ut
2376 3368 2560 3445 oon·-

640 3471 758 3529 tra
797 3454 1165 3526 fortunam
1199 3452 1459 3526 audeat
1490 3452 1841 3525 adtollere
1887 3456 2133 3527 oculos
2156 3504 2181 3542 ,
2222 3454 2351 3525 sed
2396 3478 2573 3530 non·

607 3566 1127 3659 „pertinaciter3
1159 3563 1436 3637 cedunt
1459 3566 1654 3637 enim
1670 3565 1911 3639 -nimio
1942 3566 2325 3662 splendore
2350 3590 2559 3661 prae-

635 3676 898 3747 stricti:
931 3679 1106 3749 alius
1126 3678 1204 3747 in
1225 3692 1505 3749 tantum
1523 3728 1549 3767 ,
1582 3686 1667 3749 ut
1690 3679 1913 3770 possit
1940 3702 2108 3749 cum
2132 3678 2253 3748 illa
2270 3676 2557 3751 confet-

633 3801 722 3855 τε
744 3786 1030 3857 vultum
1038 3812 1062 3876 3
1095 3783 1152 3855 si
1177 3785 1316 3857 iam
1337 3786 1667 3882 pervenit
1690 3788 1787 3859 ad
1806 3810 2179 3863 summum
2199 3838 2227 3879 ‚
2259 3804 2334 3861 et
2362 3788 2557 3861 fidu.-

1391 3893 1400 3925 Ι
