2809 4850
589 365 1398 446 EPIST‘OLA
1489 371 1703 445 xx.·
2006 379 2106 478 ε,

175 529 390 604 lunt:
423 528 506 600 in
539 541 782 601 totum
802 575 826 614 ,
863 526 1050 600 nulli
1090 528 1276 604 velle
1324 542 1449 598 aut
1488 529 1688 602 nolle
1714 525 2105 622 'decretum

179 658 304 717 est.
335 639 669 714 Variatur
693 639 1020 732 quotidie
1043 638 1398 712 iudicium
1419 659 1442 727 ‚‘
1464 655 1537 711 et
1558 638 1637 710 in
1658 645 2101 716 contrarium

175 754 514 843 vertitur,
543 779 624 828 ac
655 753 1009 850 plerisque
1039 753 1270 851 agitur
1296 753 1443 846 vita
1472 777 1601 848 per
1626 755 1887 826 lusum.
1929 755 2101 827 Pre-

173 891 296 938 me
319 890 496 964 ergo
519 869 728 960 quod
753 867 1085 962 coepisti!
1137 883 1212 945 et
1244 867 1527 942 fortasse
1551 870 1959 964 perduceris
1975 889 2103 948 aut

63 1045 78 1058 ,
173 979 264 1050 ad
313 1003 729 1079 summurn,
773 997 899 1056 aut
925 1005 1018 1052 eo
1032 1033 1058 1070 ,
1103 981 1314 1076 quod
1343 1005 1713 1058 summum
1758 984 2097 1059 nondum

179 1119 324 1164 esse
359 1097 556 1177 solus
597 1094 962 1192 intelligas.
1003 1133 1076 1152 -
1135 1091 1346 1198 Quid
1391 1094 1519 1166 fiet
1538 1144 1561 1183 ,
1598 1095 1881 1187 inquis,
1929 1097 2098 1170 huic

182 1205 434 1276 turbae
457 1204 908 1280 familiarium
927 1205 962 1277 Ρ
995 1245 1068 1260 —·
1104 1206 1352 1280 Turba
1387 1206 1515 1277 ista
1546 1231 1783 1300 quum
1808 1231 1849 1279 a
1876 1224 1949 1280 te
1968 1233 2103 1304 pa·

172 1317 268 1388 sci
301 1317 590 1390 desierit
607 1371 633 1406 ,
671 1318 818 1410 ipsa
841 1342 915 1389 se
940 1334 1214 1412 pascet3
1257 1333 1427 1408 aut,
1456 1317 1663 1412 quod
1690 1333 1774 1390 tu
1818 1317 2097 1392 benefi-

173 1429 287 1516 cio
309 1444 446 1500 tuo
471 1453 624 1504 non
650 1447 856 1524 potes
877 1431 1052 1502 scire
1073 1481 1094 1519 ,
1119 1431 1556 1525 paupertatis
1578 1430 1766 1502 scies.
1784 1423 1795 1440 '
1815 1430 1947 1502 Illa
1964 1449 2097 1504 've-

170 1565 284 1612 ros
307 1555 693 1636 certosque
717 1543 978 1614 amicos
999 1542 1336 1615 retinebit
1357 1569 1377 1612 t
1422 1536 1744 1612 discedet
1770 1541 2095 1635 quisquis

171 1673 322 1722 non
352 1670 430 1724 te
447 1703 472 1741 ,
502 1654 625 1725 sed
645 1656 843 1727 aliud
869 1653 1320 1748 sequebatur.
1371 1653 1539 1724 Non
1564 1669 1668 1724 est
1694 1669 1936 1726 autem
1972 1655 2095 1728 vel

171 1763 271 1834 ob
306 1766 455 1837 hoc
499 1791 732 1841 unum
771 1768 1077 1840 amanda
1111 1782 1527 1862 pauper-tm,
1568 1765 1814 1858 quod,
1854 1789 1897 1838 a
1931 1755 2099 1860 ¹qui·-

173 1873 306 1944 bus
327 1875 617 1967 ameris,
646 1881 1032 1964 ostendet?
1069 1881 1142 1950 O
1173 1865 1473 1974 Quando
1500 1877 1619 1947 ille
1641 1877 1881 1948 veniet
1900 1875 2091 1970 dies,

129 1995 139 2002 ’
172 2010 324 2080 quo
355 2013 579 2062 nemo
607 1991 682 2062 in
708 1987 1058 2063 honorem
1087 1989 1316 2061 tu‘um'
1335 1987 1764 2060 mentiatur!
1794 1985 1961 2058 Huc
1988 2011 2097 2059 er-

171 2122 260 2196 go
279 2100 752 2202 cogitationes
768 2123 934 2178 tuae
951 2101 1254 2177 tendant
1270 2155 1293 2193 ‚
1324 2104 1463 2174 hoc
1486 2123 1651 2173 cura
1670 2149 1693 2188 ,
1714 2099 1855 2169 hoc
1875 2111 2043 2192 opta
2065 2148 2092 2186 ,

172 2217 417 2286 omnia
449 2217 578 2287 alia
610 2232 777 2290 vota
803 2217 964 2288 Deo
993 2208 1453 2308 remissurus,
1497 2227 1579 2282 ut
1604 2226 1987 2282 contentus
2006 2214 2094 2282 sis

169 2344 398 2400 temet
429 2330 589 2427 ipso
632 2343 706 2401 et
731 2355 821 2400 ex
846 2347 917 2401 te
941 2329 1388 2400 nascentibus
1425 2325 1646 2396 bonis.
1694 2321 1927 2431 Quae
1953 2348 2091 2418 po·-

170 2456 302 2516 test
319 2470 473 2524 esse
507 2445 797 2518 felicitas
819 2444 1168 2539 propior?
1194 2441 1464 2541 Redige
1483 2458 1556 2512 te
1580 2436 1671 2509 ad
1700 2458 1915 2531 parva
1930 2489 1950 2524 ,
1968 2460 2087 2509 ex
2146 2513 2149 2517 ,

169 2558 439 2649 quibus
467 2556 716 2629 cadere
751 2580 902 2628 non
935 2554 1184 2649 possis!
1239 2552 1463 2646 idque
1500 2559 1598 2621 ut
1616 2548 1956 2619 libentius
1990 2546 2092 2617 fa-

169 2669 296 2739 cias
316 2720 344 2757 ,
372 2670 466 2739 ad
494 2670 634 2741 hoc
664 2668 1055 2764 pertinebit
1078 2666 1434 2736 tributum
1459 2662 1795 2756 epistolae
1832 2659 2082 2745 huiuS,

172 2770 383 2873 quod
409 2778 644 2851 statim
662 2780 1045 2852 conferam.
1081 2774 1404 2848 Invideas
1422 2774 1621 2845 licet=
1652 2773 1864 2843 etiam
1888 2789 2089 2843 nunc

170 2892 484 2964 libenter
502 2918 636 2988 pro
665 2917 782 2964 me
807 2878 1169 2987 dependet
1195 2890 1256 2959 E
1273 2884 1361 2957 12‘1
1377 2908 1418 2957 c
1441 2906 1495 2957 u
1520 2908 1566 2958 n
1596 2905 1648 2957 u
1673 2904 1731 2958 s.
1774 2888 2095 2983 Magnifi⁴
2214 2984 2223 2993 Ο

171 3009 456 3081 centior,
493 3007 653 3077 mihi
679 3006 1142 3080 crede,·sermo
1175 3016 1323 3071 tuus
1348 3004 1416 3070 in
1445 2998 1731 3091 grabato
1768 2998 2091 3071 videbitur

172 3132 234 3185 et
254 3119 324 3187 in
342 3142 566 3215 panno
591 3146 612 3186 .·
653 3144 775 3190 non
803 3121 967 3189 enim
1005 3118 1300 3189 dicentur
1325 3131 1582 3188 tantum
1616 3111 1771 3184 illa.
1812 3108 2087 3206 sedpro·

173 3228 512 3300 habuntur.
544 3228 694 3328 Ego
726 3247 916 3301 certe
940 3230 1134 3299 aliter
1161 3224 1378 3297 audio
1401 3246 1588 3317 quae
1618 3221 1795 3292 dicit
1816 3220 2089 3318 Deme-

171 3340 340 3412 trius
393 3358 956 3439 noster‚·quum
999 3336 1204 3409 illum
1249 3336 1395 3406 vidi
1429 3332 1715 3404 nudum
1758 3333 2089 3427 (quanto

169 3450 408 3523 minus
457 3474 682 3545 quam
724 3451 803 3521 in
845 3446 1276 3520 stramentis!
1305 3448 1332 3539 )
1383 3443 1883 3513 incubantem:
1930 3460 2085 3509 non

169 3582 590 3662 praeceptor
618 3566 803 3651 veri,
833 3562 956 3634 sed
983 3560 1169 3643 testis
1191 3575 1316 3633 est.
1344 3596 1417 3611 --
1454 3554 1662 3660 Quid
1691 3577 1857 3649 ergo
1874 3552 1908 3621 Ρ
1933 3574 2086 3623 non

167 3676 334 3749 licet
355 3676 642 3750 divitias
661 3676 740 3747 in
761 3677 921 3746 sinu
941 3673 1196 3767 positas
1221 3674 1684 3749 contemnere
1700 3664 1835 3735 ?..-*
1850 3662 2085 3767 Quid·

165 3792 238 3863 ni
270 3789 486 3869 liceat
507 3792 544 3865 P
594 3806 670 3864 et
691 3790 812 3863 ille
829 3787 1138 3891 ingentis
1161 3784 1381 3889 animi
1405 3796 1549 3891 est,
1582 3778 1711 3875 qui
1740 3778 1887 3857 illas
1896 3826 1920 3867 ‚
1956 3775 2083 3848 cir-
