2809 4850
1801 83 1839 105 s

855 279 878 312 N

487 385 550 460 E
597 387 654 460 P
701 386 738 459 1
783 383 832 456 s
883 370 1078 496 T'o
1129 388 1192 458 L
1237 384 1302 458 A
1395 385 1807 464 Lxxvi
1980 394 2119 489 269

190 546 560 620 coloribus
578 547 767 640 picta
788 562 910 634 est,
931 569 1066 618 nec
1088 545 1205 617 cui
1225 561 1643 641 argenteum
1669 561 1795 620 aut
1812 569 2117 622 aureum

187 672 506 730 rostrum
553 672 690 742 est,
735 678 868 726 nec
907 655 1108 726 cuius
1154 653 1380 726 tutela
1418 653 1639 726 ebore
1674 657 1935 728 caelata
1970 675 2118 749 est,

187 788 328 838 nec
361 789 546 857 quae
583 765 758 836 fiscis
789 789 869 836 ac
893 764 1154 860 opibus
1179 763 1378 863 regiis
1405 787 1634 859 pressa
1660 781 1761 836 est
1787 793 1807 852 ;
1832 766 1959 839 sed
1986 783 2123 840 sta-

187 879 396 966 bilis,
433 893 506 950 et
533 877 769 964 firma,
803 893 876 948 et
904 877 1250 948 iuncturis
1273 899 1539 970 aquam
1566 858 2117 954 excludentibUs

183 989 398 1084 spissa
424 1037 448 1075 ,
490 987 582 1058 ad
608 987 996 1058 ferendum
1030 987 1629 1060 incursummatis
1670 988 1937 1077 solida,
1980 1014 2111 1088 gu·

186 1103 583 1196 bernaculo
605 1123 874 1194 parens,
903 1101 1159 1188 velox,
1187 1115 1261 1171 et
1282 1123 1434 1172 non
1454 1100 1761 1172 sentiens
1787 1117 2111 1174 ventum.

189 1211 536 1284 Gladium
559 1212 842 1282 bonum
871 1209 1096 1297 dices,
1143 1231 1295 1280 non
1314 1259 1337 1298 ,
1383 1211 1501 1284 c'ui
1524 1199 1805 1283 auratus
1832 1228 1935 1284 est
1962 1213 2112 1284 bal-

184 1339 352 1395 teus
378 1368 401 1410 ,
441 1345 581 1394 neo
602 1322 800 1403 cuius
823 1321 1070 1418 vagina
1109 1323 1409 1419 gemmis
1443 1323 1942 1421 distinguitur3
1984 1323 2109 1396 sed

184 1432 310 1504 cui
355 1448 428 1502 et
469 1430 561 1501 ad
606 1430 992 1504 secandum
1039 1431 1316 1504 subtilis
1341 1433 1521 1504 acies
1558 1449 1699 1520 est,
1748 1449 1821 1506 et
1858 1457 2111 1506 mucro

181 1544 733 1648 munimentum
761 1565 980 1614 omne
1004 1561 1366 1638 rupturus.
1397 1541 1693 1642 Regula,
1717 1567 2107 1638 nonquam

185 1653 541 1740 formosa,
576 1645 938 1752 seqquam
968 1666 1156 1724 reeta
1180 1653 1272 1723 sit
1293 1702 1314 1738 ,
1346 1650 1733 1744 quaeritur.
1770 1649 1871 1723 Eo
1898 1654 2114 1747 quid-

187 1791 344 1859 que
367 1763 724 1853 laudatur,
746 1764 862 1836 cui
885 1782 1360 1857 comparatur,
1391 1763 1593 1855 quod
1611 1764 1712 1833 illi
1738 1764 2113 1858 proprium

189 1890 322 1946 est.
361 1875 547 1973 Ergo
574 1873 649 1944 in
681 1875 983 1944 homine
1007 1889 1314 1966 quoque
1349 1873 1539 1942 nihil·
1568 1870 1662 1942 ad
1698 1897 1852 1944 rem
1894 1873 2115 1966 perti·

185 2001 351 2072 net,
395 2000 753 2078 quantum
803 2001 996 2072 aret,
1043 1994 1403 2075 quantum
1460 1981 1771 2067 feneret,
1816 2005 1859 2051 a
1896 2004 2119 2074 quam

185 2095 441 2167 multis
461 2095 802 2166 salutetur
823 2144 844 2179 ,
887 2117 1104 2185 quarn
1133 2093 1446 2184 pretioso
1474 2087 1851 2160 incumbat
1881 2091 2071 2159 lecto
2089 2142 2110 2178 ,

188 2231 418 2299 quam
454 2202 825 2300 perlucido
870 2203 1140 2297 poculo
1176 2198 1577 2288 bibat3,⁸ed
1616 2222 1835 2290 quam
1874 2197 2118 2270 bonus

105 2346 111 2353 ·
187 2318 322 2389 εἰει
369 2317 608 2390 bonus
645 2330 890 2386 autem
925 2330 1067 2400 est,
1115 2311 1173 2382 ui
1208 2309 1419 2382 Ratio
1454 2308 1787 2403 explicita
1816 2324 1890 2379 et
1916 2327 2115 2380 tecta

187 2445 335 2517 est,
383 2444 454 2498 et
479 2423 570 2497 ad
596 2431 886 2497 naturae
925 2437 1089 2494 suae
1116 2419 1573 2493 ¹voluntatem
1608 2417 2121 2491 adcommoda·

183 2556 284 2610 ta.
314 2537 511 2608 Haec
531 2542 830 2606 vocatur
861 2532 1114 2603 Virtus.-
1144 2531 1284 2603 hoc
1305 2548 1410 2601 est
1439 2528 1828 2604 Honestum,
1858 2544 1935 2599 et
1958 2528 2121 2599 uni·

187 2669 360 2717 cum
385 2644 696 2717 hominis
717 2642 1022 2716 Bonum.
1052 2642 1240 2711 Nam
1275 2650 1511 2733 quum
1541 2640 1686 2710 sola
1717 2636 1925 2710 Ratio
1948 2634 2145 2731 per·-⁸

187 2756 381 2831 ficiat
419 2755 792 2827 hominem
813 2804 838 2839 ,
877 2754 1024 2823 sola
1065 2750 1276 2821 Ratio
1313 2748 1627 2843 perfecta
1669 2747 1966 2818 beatum
2012 2747 2117 2817 fa·

186 2868 314 2940 cit:
373 2866 513 2935 hoc
545 2878 786 2933 autem
819 2884 1054 2931 unum
1089 2857 1402 2929 hominis
1439 2856 1727 2928 Bonum
1762 2872 1909 2945 est,
1960 2878 2119 2949 quo

188 2997 344 3048 uno
374 2972 627 3045 beatus
653 2970 974 3041 efficitur.

284 3082 616 3155 Dicimus
639 3096 714 3150 et
741 3078 856 3149 illa
894 3077 1106 3177 bona-
1127 3098 1306 3161 esse,
1343 3096 1605 3167 quaea
1630 3070 1923 3143 Virtute
1948 3092 2119 3164 pro·-

189 3192 376 3268 fecta
417 3208 890 3283 contactaque
921 3191 1139 3273 eunt,
1189 3185 1268 3258 id
1323 3201 1466 3272 est,
1506 3208 1725 3283 opera
1766 3182 1914 3254 eius
1960 3205 2125 3251 om-

190 3303 332 3375 nia.
367 3292 525 3373 'Sed
563 3299 734 3370 ideo
769 3323 1002 3370 unum
1037 3297 1187 3391 ipsa
1229 3295 1514 3367 bonurn
1560 3311 1699 3378 est,
1752 3291 1922 3385 quia
1960 3292 2123 3361 nul-

189 3417 352 3518 lum
393 3413 541 3484 sine
574 3412 694 3482 ina
714 3428 836 3483 est.
875 3408 950 3481 Si
995 3432 1214 3486 omne
1239 3407 1319 3480 in
1360 3407 1605 3477 animo
1641 3404 1926 3475 bonum
1970 3408 2127 3487 θεῖς’

193 3521 566 3617 quidquid
605 3522 814 3593 illum
857 3520 1275 3605 confirmat,
1303 3518 1633 3606 extollit,
1677 3512 2066 3607 amplificat
2088 3560 2113 3597 ,

189 3632 478 3703 bonum
521 3646 654 3702 est:
711 3628 1130 3699 validiorem
1169 3642 1415 3697 autem
1460 3624 1788 3694 animum
1818 3668 1843 3706 ‚
1881 3620 2117 3691 excel-

188 3742 447 3814 siorem
468 3791 492 3827 ,
537 3737 1056 3832 et-ampliorem
1075 3786 1098 3821 ,
1127 3732 1291 3804 facit
1317 3730 1581 3805 Virtus.
1608 3729 1801 3801 Nam
1836 3742 2065 3799 cetera
2084 3780 2109 3829 ‚⁹

191 3872 383 3947 quae
397 3846 822 3949 cupiditates
842 3862 1108 3919 nostxas
1130 3839 1422 3917 inritant
1434 3892 1458 3932 ,
1492 3838 1915 3935 deptimunt
1932 3860 2119 3935 quoa·
