<?xml version="1.0" encoding="UTF-8"?>
<!DOCTYPE html PUBLIC "-//W3C//DTD XHTML 1.0 Transitional//EN"
    "http://www.w3.org/TR/xhtml1/DTD/xhtml1-transitional.dtd">
<html xmlns="http://www.w3.org/1999/xhtml" xml:lang="en" lang="en">
 <head>
  <title>
</title>
<meta http-equiv="Content-Type" content="text/html;charset=utf-8" />
  <meta name='ocr-system' content='tesseract 3.04.00' />
  <meta name='ocr-capabilities' content='ocr_page ocr_carea ocr_par ocr_line ocrx_word'/>
</head>
<body>
  <div class='ocr_page' id='page_1' title='image "./lannaeisenecaea01bipogoog_0236.png"; bbox 0 0 2809 4850; ppageno 0'>
   <div class='ocr_carea' id='block_1_1' title="bbox 713 364 2239 458">
    <p class='ocr_par' dir='ltr' id='par_1_1' title="bbox 713 364 2239 458">
     <span class='ocr_line' id='line_1_1' title="bbox 713 364 2239 458; baseline -0.009 0"><span class='ocrx_word' id='word_1_1' title='bbox 713 381 856 458; x_wconf 80' lang='lat'><strong>226</strong></span> <span class='ocrx_word' id='word_1_2' title='bbox 1091 373 1171 448; x_wconf 90' lang='lat' dir='ltr'>L</span> <span class='ocrx_word' id='word_1_3' title='bbox 1217 369 1660 450; x_wconf 82' lang='lat' dir='ltr'><strong>ANNAEI</strong></span> <span class='ocrx_word' id='word_1_4' title='bbox 1708 364 2239 448; x_wconf 81' lang='lat' dir='ltr'>SENECAE</span> 
     </span>
    </p>
   </div>
   <div class='ocr_carea' id='block_1_2' title="bbox 653 530 2644 2052">
    <p class='ocr_par' dir='ltr' id='par_1_2' title="bbox 711 530 2644 630">
     <span class='ocr_line' id='line_1_2' title="bbox 711 530 2644 630; baseline -0.003 -20"><span class='ocrx_word' id='word_1_5' title='bbox 711 532 1046 610; x_wconf 77' lang='lat' dir='ltr'><strong>Mercede</strong></span> <span class='ocrx_word' id='word_1_6' title='bbox 1067 551 1155 608; x_wconf 79' lang='lat' dir='ltr'><strong>te.</strong></span> <span class='ocrx_word' id='word_1_7' title='bbox 1170 534 1345 608; x_wconf 82' lang='lat' dir='ltr'><strong>vitia</strong></span> <span class='ocrx_word' id='word_1_8' title='bbox 1371 533 1786 607; x_wconf 79' lang='lat' dir='ltr'><strong>sollicitant:</strong></span> <span class='ocrx_word' id='word_1_9' title='bbox 1826 532 1943 604; x_wconf 89' lang='lat' dir='ltr'><strong>hic</strong></span> <span class='ocrx_word' id='word_1_10' title='bbox 1972 530 2109 604; x_wconf 88' lang='lat' dir='ltr'><strong>tibi</strong></span> <span class='ocrx_word' id='word_1_11' title='bbox 2138 532 2345 630; x_wconf 82' lang='lat' dir='ltr'><strong>gratis</strong></span> <span class='ocrx_word' id='word_1_12' title='bbox 2372 533 2644 610; x_wconf 70' lang='lat' dir='ltr'><strong>viven-</strong></span> 
     </span>
    </p>

    <p class='ocr_par' dir='ltr' id='par_1_3' title="bbox 653 645 2641 2052">
     <span class='ocr_line' id='line_1_3' title="bbox 653 645 2637 736; baseline -0.003 -15"><span class='ocrx_word' id='word_1_13' title='bbox 653 696 661 704; x_wconf 85' lang='lat'><strong>·</strong></span> <span class='ocrx_word' id='word_1_14' title='bbox 708 649 888 722; x_wconf 87' lang='lat' dir='ltr'><strong>dum</strong></span> <span class='ocrx_word' id='word_1_15' title='bbox 915 665 1038 720; x_wconf 87' lang='lat' dir='ltr'><strong>est.</strong></span> <span class='ocrx_word' id='word_1_16' title='bbox 1086 647 1232 719; x_wconf 77' lang='lat' dir='ltr'><strong>Vix</strong></span> <span class='ocrx_word' id='word_1_17' title='bbox 1277 645 1458 718; x_wconf 85' lang='lat' dir='ltr'><strong>effici</strong></span> <span class='ocrx_word' id='word_1_18' title='bbox 1496 659 1657 718; x_wconf 89' lang='lat' dir='ltr'><strong>toto</strong></span> <span class='ocrx_word' id='word_1_19' title='bbox 1700 645 1941 718; x_wconf 86' lang='lat' dir='ltr'><strong>seculo</strong></span> <span class='ocrx_word' id='word_1_20' title='bbox 1973 657 2236 736; x_wconf 82' lang='lat' dir='ltr'><strong>potest,</strong></span> <span class='ocrx_word' id='word_1_21' title='bbox 2284 660 2371 716; x_wconf 85' lang='lat' dir='ltr'><strong>ut</strong></span> <span class='ocrx_word' id='word_1_22' title='bbox 2414 645 2637 734; x_wconf 84' lang='lat' dir='ltr'><strong>vitia,</strong></span> 
     </span>
     <span class='ocr_line' id='line_1_4' title="bbox 703 751 2639 854; baseline -0.003 -23"><span class='ocrx_word' id='word_1_23' title='bbox 703 774 856 832; x_wconf 85' lang='lat' dir='ltr'><strong>tam</strong></span> <span class='ocrx_word' id='word_1_24' title='bbox 879 760 1094 854; x_wconf 83' lang='lat' dir='ltr'><strong>longa</strong></span> <span class='ocrx_word' id='word_1_25' title='bbox 1125 751 1412 826; x_wconf 88' lang='lat' dir='ltr'><strong>licentia</strong></span> <span class='ocrx_word' id='word_1_26' title='bbox 1434 753 1759 842; x_wconf 86' lang='lat' dir='ltr'><strong>tumida,</strong></span> <span class='ocrx_word' id='word_1_27' title='bbox 1802 753 2217 849; x_wconf 77' lang='lat' dir='ltr'>subigantur</span> <span class='ocrx_word' id='word_1_28' title='bbox 2257 767 2333 824; x_wconf 89' lang='lat' dir='ltr'><strong>et</strong></span> <span class='ocrx_word' id='word_1_29' title='bbox 2372 753 2639 850; x_wconf 87' lang='lat' dir='ltr'><strong>iugum</strong></span> 
     </span>
     <span class='ocr_line' id='line_1_5' title="bbox 705 864 2637 961; baseline -0.002 -21"><span class='ocrx_word' id='word_1_30' title='bbox 705 866 1094 961; x_wconf 82' lang='lat' dir='ltr'><strong>accipiant3</strong></span> <span class='ocrx_word' id='word_1_31' title='bbox 1121 864 1394 938; x_wconf 87' lang='lat' dir='ltr'><strong>nedum</strong></span> <span class='ocrx_word' id='word_1_32' title='bbox 1416 913 1441 952; x_wconf 89' lang='lat'>,</span> <span class='ocrx_word' id='word_1_33' title='bbox 1470 865 1525 934; x_wconf 87' lang='lat' dir='ltr'><strong>si</strong></span> <span class='ocrx_word' id='word_1_34' title='bbox 1547 880 1693 937; x_wconf 86' lang='lat' dir='ltr'><strong>tam</strong></span> <span class='ocrx_word' id='word_1_35' title='bbox 1724 864 1939 938; x_wconf 77' lang='lat' dir='ltr'>breve</span> <span class='ocrx_word' id='word_1_36' title='bbox 1973 880 2261 956; x_wconf 82' lang='lat' dir='ltr'><strong>tempus</strong></span> <span class='ocrx_word' id='word_1_37' title='bbox 2286 864 2637 936; x_wconf 83' lang='lat' dir='ltr'><strong>interval-</strong></span> 
     </span>
     <span class='ocr_line' id='line_1_6' title="bbox 705 966 2639 1066; baseline -0.007 -14"><span class='ocrx_word' id='word_1_38' title='bbox 705 977 784 1052; x_wconf 83' lang='lat' dir='ltr'><strong>lo</strong></span> <span class='ocrx_word' id='word_1_39' title='bbox 810 973 1238 1046; x_wconf 76' lang='lat' dir='ltr'><strong>discidimus.</strong></span> <span class='ocrx_word' id='word_1_40' title='bbox 1287 969 1927 1066; x_wconf 83' lang='lat' dir='ltr'><strong>Unamquamlibet</strong></span> <span class='ocrx_word' id='word_1_41' title='bbox 1952 995 2105 1042; x_wconf 81' lang='lat' dir='ltr'><strong>tem</strong></span> <span class='ocrx_word' id='word_1_42' title='bbox 2131 966 2255 1041; x_wconf 81' lang='lat' dir='ltr'><strong>vix</strong></span> <span class='ocrx_word' id='word_1_43' title='bbox 2276 969 2369 1040; x_wconf 90' lang='lat' dir='ltr'><strong>ad</strong></span> <span class='ocrx_word' id='word_1_44' title='bbox 2394 969 2639 1064; x_wconf 85' lang='lat' dir='ltr'>perfe-</span> 
     </span>
     <span class='ocr_line' id='line_1_7' title="bbox 710 1071 2641 1180; baseline -0.003 -24"><span class='ocrx_word' id='word_1_45' title='bbox 710 1097 914 1156; x_wconf 89' lang='lat' dir='ltr'><strong>ctum</strong></span> <span class='ocrx_word' id='word_1_46' title='bbox 959 1071 1290 1176; x_wconf 84' lang='lat' dir='ltr'><strong>perducit</strong></span> <span class='ocrx_word' id='word_1_47' title='bbox 1321 1077 1611 1154; x_wconf 83' lang='lat' dir='ltr'><strong>adsidua</strong></span> <span class='ocrx_word' id='word_1_48' title='bbox 1644 1078 1875 1180; x_wconf 85' lang='lat' dir='ltr'><strong>vigilia</strong></span> <span class='ocrx_word' id='word_1_49' title='bbox 1914 1097 1989 1152; x_wconf 88' lang='lat' dir='ltr'><strong>et</strong></span> <span class='ocrx_word' id='word_1_50' title='bbox 2026 1077 2359 1152; x_wconf 87' lang='lat' dir='ltr'><strong>intentio.</strong></span> <span class='ocrx_word' id='word_1_51' title='bbox 2402 1077 2483 1151; x_wconf 87' lang='lat' dir='ltr'><strong>Si</strong></span> <span class='ocrx_word' id='word_1_52' title='bbox 2518 1103 2641 1150; x_wconf 88' lang='lat' dir='ltr'><strong>me</strong></span> 
     </span>
     <span class='ocr_line' id='line_1_8' title="bbox 708 1186 2637 1288; baseline -0.002 -23"><span class='ocrx_word' id='word_1_53' title='bbox 708 1193 1012 1288; x_wconf 84' lang='lat' dir='ltr'><strong>quidem</strong></span> <span class='ocrx_word' id='word_1_54' title='bbox 1054 1191 1224 1262; x_wconf 80' lang='lat' dir='ltr'><strong>velis</strong></span> <span class='ocrx_word' id='word_1_55' title='bbox 1269 1187 1555 1279; x_wconf 87' lang='lat' dir='ltr'><strong>audire,</strong></span> <span class='ocrx_word' id='word_1_56' title='bbox 1606 1192 1751 1263; x_wconf 90' lang='lat' dir='ltr'><strong>hoc</strong></span> <span class='ocrx_word' id='word_1_57' title='bbox 1774 1186 2160 1262; x_wconf 86' lang='lat' dir='ltr'><strong>meditare:</strong></span> <span class='ocrx_word' id='word_1_58' title='bbox 2202 1212 2457 1262; x_wconf 83' lang='lat' dir='ltr'>exerce</span> <span class='ocrx_word' id='word_1_59' title='bbox 2512 1205 2637 1278; x_wconf 79' lang='lat' dir='ltr'><strong>te,</strong></span> 
     </span>
     <span class='ocr_line' id='line_1_9' title="bbox 711 1300 2638 1397; baseline -0.005 -17"><span class='ocrx_word' id='word_1_60' title='bbox 711 1324 798 1380; x_wconf 89' lang='lat' dir='ltr'><strong>ut</strong></span> <span class='ocrx_word' id='word_1_61' title='bbox 821 1319 1130 1377; x_wconf 85' lang='lat' dir='ltr'><strong>mortem</strong></span> <span class='ocrx_word' id='word_1_62' title='bbox 1153 1319 1227 1376; x_wconf 85' lang='lat' dir='ltr'><strong>et</strong></span> <span class='ocrx_word' id='word_1_63' title='bbox 1251 1303 1558 1397; x_wconf 84' lang='lat' dir='ltr'><strong>excipias</strong></span> <span class='ocrx_word' id='word_1_64' title='bbox 1582 1353 1607 1390; x_wconf 88' lang='lat'><strong>,</strong></span> <span class='ocrx_word' id='word_1_65' title='bbox 1647 1319 1753 1392; x_wconf 87' lang='lat' dir='ltr'><strong>et,</strong></span> <span class='ocrx_word' id='word_1_66' title='bbox 1780 1304 1836 1374; x_wconf 81' lang='lat' dir='ltr'><strong>si</strong></span> <span class='ocrx_word' id='word_1_67' title='bbox 1860 1305 1954 1374; x_wconf 84' lang='lat' dir='ltr'><strong>ita</strong></span> <span class='ocrx_word' id='word_1_68' title='bbox 1976 1325 2085 1374; x_wconf 86' lang='lat' dir='ltr'><strong>res</strong></span> <span class='ocrx_word' id='word_1_69' title='bbox 2106 1300 2440 1375; x_wconf 78' lang='lat' dir='ltr'><strong>suadebit</strong></span> <span class='ocrx_word' id='word_1_70' title='bbox 2460 1351 2489 1390; x_wconf 93' lang='lat'><strong>,</strong></span> <span class='ocrx_word' id='word_1_71' title='bbox 2523 1326 2638 1372; x_wconf 82' lang='lat' dir='ltr'><strong>ar-</strong></span> 
     </span>
     <span class='ocr_line' id='line_1_10' title="bbox 709 1408 2631 1499; baseline -0.003 -13"><span class='ocrx_word' id='word_1_72' title='bbox 709 1439 940 1486; x_wconf 81' lang='lat' dir='ltr'>cessas.</span> <span class='ocrx_word' id='word_1_73' title='bbox 968 1413 1267 1486; x_wconf 81' lang='lat' dir='ltr'><strong>Interest</strong></span> <span class='ocrx_word' id='word_1_74' title='bbox 1290 1410 1511 1499; x_wconf 87' lang='lat' dir='ltr'><strong>nihil,</strong></span> <span class='ocrx_word' id='word_1_75' title='bbox 1550 1411 1668 1482; x_wconf 88' lang='lat' dir='ltr'><strong>illa</strong></span> <span class='ocrx_word' id='word_1_76' title='bbox 1691 1408 1783 1481; x_wconf 85' lang='lat' dir='ltr'><strong>ad</strong></span> <span class='ocrx_word' id='word_1_77' title='bbox 1809 1433 1943 1482; x_wconf 82' lang='lat' dir='ltr'><strong>nos</strong></span> <span class='ocrx_word' id='word_1_78' title='bbox 1974 1411 2253 1499; x_wconf 74' lang='lat' dir='ltr'><strong>veniat‘,</strong></span> <span class='ocrx_word' id='word_1_79' title='bbox 2290 1433 2387 1482; x_wconf 85' lang='lat' dir='ltr'><strong>an</strong></span> <span class='ocrx_word' id='word_1_80' title='bbox 2423 1411 2523 1482; x_wconf 89' lang='lat' dir='ltr'><strong>ad</strong></span> <span class='ocrx_word' id='word_1_81' title='bbox 2547 1410 2631 1481; x_wconf 85' lang='lat' dir='ltr'><strong>il-</strong></span> 
     </span>
     <span class='ocr_line' id='line_1_11' title="bbox 707 1519 2633 1615; baseline -0.002 -20"><span class='ocrx_word' id='word_1_82' title='bbox 707 1526 853 1596; x_wconf 85' lang='lat' dir='ltr'><strong>lam</strong></span> <span class='ocrx_word' id='word_1_83' title='bbox 879 1545 1034 1596; x_wconf 80' lang='lat' dir='ltr'><strong>nos.</strong></span> <span class='ocrx_word' id='word_1_84' title='bbox 1069 1519 1266 1594; x_wconf 87' lang='lat' dir='ltr'><strong>Illud</strong></span> <span class='ocrx_word' id='word_1_85' title='bbox 1295 1521 1773 1615; x_wconf 72' lang='lat' dir='ltr'><strong>inperitissimi</strong></span> <span class='ocrx_word' id='word_1_86' title='bbox 1798 1522 2145 1615; x_wconf 85' lang='lat' dir='ltr'><strong>cuiusque</strong></span> <span class='ocrx_word' id='word_1_87' title='bbox 2164 1521 2476 1598; x_wconf 79' lang='lat' dir='ltr'><strong>verbum</strong></span> <span class='ocrx_word' id='word_1_88' title='bbox 2504 1520 2633 1592; x_wconf 78' lang='lat' dir='ltr'><strong>fal-</strong></span> 
     </span>
     <span class='ocr_line' id='line_1_12' title="bbox 707 1630 2633 1726; baseline 0.001 -21"><span class='ocrx_word' id='word_1_89' title='bbox 707 1658 872 1707; x_wconf 81' lang='lat' dir='ltr'><strong>sum</strong></span> <span class='ocrx_word' id='word_1_90' title='bbox 893 1656 1039 1704; x_wconf 87' lang='lat' dir='ltr'><strong>esse</strong></span> <span class='ocrx_word' id='word_1_91' title='bbox 1062 1633 1214 1726; x_wconf 80' lang='lat' dir='ltr'><strong>ipse</strong></span> <span class='ocrx_word' id='word_1_92' title='bbox 1233 1630 1368 1704; x_wconf 88' lang='lat' dir='ltr'><strong>tibi</strong></span> <span class='ocrx_word' id='word_1_93' title='bbox 1387 1631 1769 1726; x_wconf 67' lang='lat' dir='ltr'><strong>persuadet</strong></span> <span class='ocrx_word' id='word_1_94' title='bbox 1804 1633 2001 1704; x_wconf 79' lang='lat' dir='ltr'><strong>Bella</strong></span> <span class='ocrx_word' id='word_1_95' title='bbox 2025 1658 2127 1704; x_wconf 82' lang='lat' dir='ltr'><strong>res</strong></span> <span class='ocrx_word' id='word_1_96' title='bbox 2150 1651 2287 1710; x_wconf 81' lang='lat' dir='ltr'><strong>est.</strong></span> <span class='ocrx_word' id='word_1_97' title='bbox 2317 1636 2491 1704; x_wconf 86' lang='lat' dir='ltr'><strong>mori</strong></span> <span class='ocrx_word' id='word_1_98' title='bbox 2510 1659 2633 1706; x_wconf 80' lang='lat' dir='ltr'><strong>sua</strong></span> 
     </span>
     <span class='ocr_line' id='line_1_13' title="bbox 709 1739 2629 1836; baseline -0.003 -20"><span class='ocrx_word' id='word_1_99' title='bbox 709 1759 930 1816; x_wconf 74' lang='lat' dir='ltr'><strong>wrte.</strong></span> <span class='ocrx_word' id='word_1_100' title='bbox 969 1739 1164 1812; x_wconf 84' lang='lat' dir='ltr'><strong>Illud</strong></span> <span class='ocrx_word' id='word_1_101' title='bbox 1187 1753 1545 1834; x_wconf 82' lang='lat' dir='ltr'><strong>praeterea</strong></span> <span class='ocrx_word' id='word_1_102' title='bbox 1566 1755 1808 1814; x_wconf 88' lang='lat' dir='ltr'><strong>tecum</strong></span> <span class='ocrx_word' id='word_1_103' title='bbox 1829 1739 2000 1812; x_wconf 91' lang='lat' dir='ltr'><strong>licet</strong></span> <span class='ocrx_word' id='word_1_104' title='bbox 2038 1739 2341 1836; x_wconf 73' lang='lat' dir='ltr'><strong>cogitesz</strong></span> <span class='ocrx_word' id='word_1_105' title='bbox 2390 1739 2629 1810; x_wconf 88' lang='lat' dir='ltr'><strong>Nemo</strong></span> 
     </span>
     <span class='ocr_line' id='line_1_14' title="bbox 713 1844 2629 1943; baseline -0.002 -19"><span class='ocrx_word' id='word_1_106' title='bbox 713 1848 850 1924; x_wconf 83' lang='lat' dir='ltr'><strong>nisi</strong></span> <span class='ocrx_word' id='word_1_107' title='bbox 887 1871 1022 1918; x_wconf 84' lang='lat' dir='ltr'><strong>suo</strong></span> <span class='ocrx_word' id='word_1_108' title='bbox 1053 1844 1172 1918; x_wconf 88' lang='lat' dir='ltr'><strong>die</strong></span> <span class='ocrx_word' id='word_1_109' title='bbox 1197 1846 1522 1918; x_wconf 78' lang='lat' dir='ltr'><strong>moritur.</strong></span> <span class='ocrx_word' id='word_1_110' title='bbox 1558 1847 1762 1919; x_wconf 84' lang='lat' dir='ltr'><strong>Nihil</strong></span> <span class='ocrx_word' id='word_1_111' title='bbox 1799 1847 2033 1943; x_wconf 82' lang='lat' dir='ltr'><strong>perdis</strong></span> <span class='ocrx_word' id='word_1_112' title='bbox 2072 1871 2165 1920; x_wconf 85' lang='lat' dir='ltr'><strong>ex</strong></span> <span class='ocrx_word' id='word_1_113' title='bbox 2192 1863 2325 1920; x_wconf 87' lang='lat' dir='ltr'><strong>tuo</strong></span> <span class='ocrx_word' id='word_1_114' title='bbox 2346 1864 2629 1943; x_wconf 87' lang='lat' dir='ltr'><strong>tempo·</strong></span> 
     </span>
     <span class='ocr_line' id='line_1_15' title="bbox 709 1955 2387 2052; baseline -0.002 -21"><span class='ocrx_word' id='word_1_115' title='bbox 709 1982 828 2032; x_wconf 73' lang='lat' dir='ltr'><strong>tet</strong></span> <span class='ocrx_word' id='word_1_116' title='bbox 855 1981 1026 2030; x_wconf 82' lang='lat' dir='ltr'><strong>nam</strong></span> <span class='ocrx_word' id='word_1_117' title='bbox 1049 1955 1256 2052; x_wconf 85' lang='lat' dir='ltr'><strong>quod</strong></span> <span class='ocrx_word' id='word_1_118' title='bbox 1283 1958 1659 2051; x_wconf 81' lang='lat' dir='ltr'><strong>relinquis,</strong></span> <span class='ocrx_word' id='word_1_119' title='bbox 1688 1958 2003 2032; x_wconf 83' lang='lat' dir='ltr'><strong>alienum</strong></span> <span class='ocrx_word' id='word_1_120' title='bbox 2026 1974 2151 2032; x_wconf 79' lang='lat' dir='ltr'><strong>est.</strong></span> <span class='ocrx_word' id='word_1_121' title='bbox 2184 1957 2387 2032; x_wconf 86' lang='lat' dir='ltr'>Vale.</span> 
     </span>
    </p>
   </div>
   <div class='ocr_carea' id='block_1_3' title="bbox 1170 2121 2140 2204">
    <p class='ocr_par' dir='ltr' id='par_1_4' title="bbox 1170 2121 2140 2204">
     <span class='ocr_line' id='line_1_16' title="bbox 1170 2121 2140 2204; baseline 0.002 -5"><span class='ocrx_word' id='word_1_122' title='bbox 1170 2121 1816 2204; x_wconf 78' lang='lat' dir='ltr'><strong>E&#39;PISTOLA</strong></span> <span class='ocrx_word' id='word_1_123' title='bbox 1877 2129 2140 2204; x_wconf 90' lang='lat' dir='ltr'>LXX.</span> 
     </span>
    </p>
   </div>
   <div class='ocr_carea' id='block_1_4' title="bbox 709 2269 2630 2647">
    <p class='ocr_par' dir='ltr' id='par_1_5' title="bbox 709 2269 2630 2647">
     <span class='ocr_line' id='line_1_17' title="bbox 709 2269 2627 2345; baseline -0.003 -15"><span class='ocrx_word' id='word_1_124' title='bbox 709 2273 965 2345; x_wconf 68' lang='lat' dir='ltr'><strong>Pompeiis</strong></span> <span class='ocrx_word' id='word_1_125' title='bbox 985 2291 1044 2329; x_wconf 77' lang='lat' dir='ltr'><strong>se</strong></span> <span class='ocrx_word' id='word_1_126' title='bbox 1061 2272 1225 2329; x_wconf 77' lang='lat' dir='ltr'><strong>fuisse</strong></span> <span class='ocrx_word' id='word_1_127' title='bbox 1238 2311 1254 2338; x_wconf 89' lang='lat'>,</span> <span class='ocrx_word' id='word_1_128' title='bbox 1271 2286 1326 2329; x_wconf 81' lang='lat' dir='ltr'><strong>et</strong></span> <span class='ocrx_word' id='word_1_129' title='bbox 1344 2271 1609 2343; x_wconf 78' lang='lat' dir='ltr'><strong>praeteriti</strong></span> <span class='ocrx_word' id='word_1_130' title='bbox 1630 2272 1872 2344; x_wconf 77' lang='lat' dir='ltr'><strong>temporis</strong></span> <span class='ocrx_word' id='word_1_131' title='bbox 1890 2273 2152 2342; x_wconf 67' lang='lat' dir='ltr'><strong>admonitu</strong></span> <span class='ocrx_word' id='word_1_132' title='bbox 2169 2271 2393 2326; x_wconf 80' lang='lat' dir='ltr'><strong>sensisse</strong></span> <span class='ocrx_word' id='word_1_133' title='bbox 2410 2269 2523 2328; x_wconf 75' lang='lat' dir='ltr'><strong>eius</strong></span> <span class='ocrx_word' id='word_1_134' title='bbox 2546 2271 2627 2324; x_wconf 81' lang='lat' dir='ltr'><strong>fu-</strong></span> 
     </span>
     <span class='ocr_line' id='line_1_18' title="bbox 841 2351 2630 2426; baseline -0.001 -23"><span class='ocrx_word' id='word_1_135' title='bbox 841 2369 973 2426; x_wconf 73' lang='lat' dir='ltr'><strong>gam.</strong></span> <span class='ocrx_word' id='word_1_136' title='bbox 997 2352 1221 2405; x_wconf 80' lang='lat' dir='ltr'><strong>Mortem</strong></span> <span class='ocrx_word' id='word_1_137' title='bbox 1241 2353 1453 2415; x_wconf 83' lang='lat' dir='ltr'><strong>instare,</strong></span> <span class='ocrx_word' id='word_1_138' title='bbox 1472 2365 1675 2421; x_wconf 80' lang='lat' dir='ltr'><strong>pottum</strong></span> <span class='ocrx_word' id='word_1_139' title='bbox 1694 2369 1872 2421; x_wconf 82' lang='lat' dir='ltr'>nempe</span> <span class='ocrx_word' id='word_1_140' title='bbox 1890 2353 2237 2406; x_wconf 82' lang='lat' dir='ltr'><strong>iactationum.</strong></span> <span class='ocrx_word' id='word_1_141' title='bbox 2256 2353 2441 2420; x_wconf 81' lang='lat' dir='ltr'>Neque</span> <span class='ocrx_word' id='word_1_142' title='bbox 2456 2351 2630 2402; x_wconf 81' lang='lat' dir='ltr'><strong>timen-</strong></span> 
     </span>
     <span class='ocr_line' id='line_1_19' title="bbox 841 2432 2629 2502; baseline -0.003 -15"><span class='ocrx_word' id='word_1_143' title='bbox 841 2434 971 2495; x_wconf 76' lang='lat' dir='ltr'><strong>dam,</strong></span> <span class='ocrx_word' id='word_1_144' title='bbox 987 2448 1156 2502; x_wconf 74' lang='lat' dir='ltr'><strong>neque</strong></span> <span class='ocrx_word' id='word_1_145' title='bbox 1169 2432 1497 2501; x_wconf 69' lang='lat' dir='ltr'><strong>adpetendam</strong></span> <span class='ocrx_word' id='word_1_146' title='bbox 1511 2468 1527 2496; x_wconf 83' lang='lat'>,</span> <span class='ocrx_word' id='word_1_147' title='bbox 1546 2446 1640 2485; x_wconf 81' lang='lat' dir='ltr'><strong>aut</strong></span> <span class='ocrx_word' id='word_1_148' title='bbox 1650 2435 1973 2488; x_wconf 73' lang='lat' dir='ltr'><strong>sumendam:</strong></span> <span class='ocrx_word' id='word_1_149' title='bbox 1995 2432 2093 2485; x_wconf 76' lang='lat' dir='ltr'><strong>nisi</strong></span> <span class='ocrx_word' id='word_1_150' title='bbox 2108 2432 2383 2487; x_wconf 68' lang='lat' dir='ltr'><strong>interdum.</strong></span> <span class='ocrx_word' id='word_1_151' title='bbox 2400 2433 2467 2485; x_wconf 84' lang='lat' dir='ltr'><strong>Et</strong></span> <span class='ocrx_word' id='word_1_152' title='bbox 2483 2447 2629 2500; x_wconf 81' lang='lat' dir='ltr'><strong>quan·</strong></span> 
     </span>
     <span class='ocr_line' id='line_1_20' title="bbox 836 2510 2627 2587; baseline -0.002 -20"><span class='ocrx_word' id='word_1_153' title='bbox 836 2511 908 2567; x_wconf 71' lang='lat' dir='ltr'><strong>do</strong></span> <span class='ocrx_word' id='word_1_154' title='bbox 925 2511 950 2563; x_wconf 64' lang='grc' dir='ltr'><strong>ἔ</strong></span> <span class='ocrx_word' id='word_1_155' title='bbox 976 2526 1134 2580; x_wconf 78' lang='lat' dir='ltr'><strong>quum</strong></span> <span class='ocrx_word' id='word_1_156' title='bbox 1155 2511 1290 2565; x_wconf 79' lang='lat' dir='ltr'><strong>tatio</strong></span> <span class='ocrx_word' id='word_1_157' title='bbox 1299 2549 1320 2577; x_wconf 88' lang='lat'>‚</span> <span class='ocrx_word' id='word_1_158' title='bbox 1349 2528 1457 2565; x_wconf 81' lang='lat' dir='ltr'><strong>non</strong></span> <span class='ocrx_word' id='word_1_159' title='bbox 1479 2511 1695 2581; x_wconf 75' lang='lat' dir='ltr'><strong>impetus</strong></span> <span class='ocrx_word' id='word_1_160' title='bbox 1712 2512 1960 2567; x_wconf 78' lang='lat' dir='ltr'><strong>suadebit.</strong></span> <span class='ocrx_word' id='word_1_161' title='bbox 1996 2511 2149 2570; x_wconf 70' lang='lat' dir='ltr'><strong>Plura</strong></span> <span class='ocrx_word' id='word_1_162' title='bbox 2170 2523 2225 2565; x_wconf 84' lang='lat' dir='ltr'><strong>et</strong></span> <span class='ocrx_word' id='word_1_163' title='bbox 2250 2510 2555 2587; x_wconf 62' lang='lat' dir='ltr'><strong>perpulclna</strong></span> <span class='ocrx_word' id='word_1_164' title='bbox 2574 2510 2627 2563; x_wconf 81' lang='lat' dir='ltr'><strong>in</strong></span> 
     </span>
     <span class='ocr_line' id='line_1_21' title="bbox 834 2586 2027 2647; baseline 0.006 -7"><span class='ocrx_word' id='word_1_165' title='bbox 834 2586 976 2643; x_wconf 79' lang='lat' dir='ltr'><strong>hunc</strong></span> <span class='ocrx_word' id='word_1_166' title='bbox 1000 2603 1222 2647; x_wconf 75' lang='lat' dir='ltr'><strong>sensum.</strong></span> <span class='ocrx_word' id='word_1_167' title='bbox 1329 2619 1334 2623; x_wconf 94' lang='lat'>·</span> <span class='ocrx_word' id='word_1_168' title='bbox 2022 2639 2027 2647; x_wconf 92' lang='lat'><em>.</em></span> 
     </span>
    </p>
   </div>
   <div class='ocr_carea' id='block_1_5' title="bbox 1110 2678 2249 2789">
    <p class='ocr_par' dir='ltr' id='par_1_6' title="bbox 1110 2678 2249 2789">
     <span class='ocr_line' id='line_1_22' title="bbox 1110 2678 2249 2789; baseline 0.004 -6"><span class='ocrx_word' id='word_1_169' title='bbox 1110 2690 1457 2785; x_wconf 61' lang='lat' dir='ltr'><em>SENECA</em></span> <span class='ocrx_word' id='word_1_170' title='bbox 1501 2712 1755 2785; x_wconf 85' lang='lat' dir='ltr'><strong>Lucilio</strong></span> <span class='ocrx_word' id='word_1_171' title='bbox 1788 2738 1901 2789; x_wconf 82' lang='lat' dir='ltr'><strong>suo</strong></span> <span class='ocrx_word' id='word_1_172' title='bbox 1936 2678 2249 2787; x_wconf 61' lang='lat' dir='ltr'><strong>Salutem.</strong></span> 
     </span>
    </p>
   </div>
   <div class='ocr_carea' id='block_1_6' title="bbox 587 2776 2626 3921">
    <p class='ocr_par' dir='ltr' id='par_1_7' title="bbox 715 2776 2626 3591">
     <span class='ocr_line' id='line_1_23' title="bbox 717 2776 2625 2938; baseline -0.002 -23"><span class='ocrx_word' id='word_1_173' title='bbox 717 2776 1300 2938; x_wconf 73' lang='lat' dir='ltr'><strong>P08T‚longum</strong></span> <span class='ocrx_word' id='word_1_174' title='bbox 1331 2839 1789 2915; x_wconf 77' lang='lat' dir='ltr'><strong>intetvallum</strong></span> <span class='ocrx_word' id='word_1_175' title='bbox 1827 2838 2207 2935; x_wconf 82' lang='lat' dir='ltr'><strong>Pompeios</strong></span> <span class='ocrx_word' id='word_1_176' title='bbox 2242 2858 2411 2915; x_wconf 87' lang='lat' dir='ltr'><strong>tuos</strong></span> <span class='ocrx_word' id='word_1_177' title='bbox 2438 2838 2581 2912; x_wconf 87' lang='lat' dir='ltr'><strong>vidi</strong></span> <span class='ocrx_word' id='word_1_178' title='bbox 2603 2866 2625 2911; x_wconf 70' lang='grc' dir='ltr'><em>ε</em></span> 
     </span>
     <span class='ocr_line' id='line_1_24' title="bbox 716 2946 2621 3041; baseline 0.002 -24"><span class='ocrx_word' id='word_1_179' title='bbox 716 2946 795 3018; x_wconf 85' lang='lat' dir='ltr'><strong>in</strong></span> <span class='ocrx_word' id='word_1_180' title='bbox 828 2964 1292 3041; x_wconf 77' lang='lat' dir='ltr'><strong>conspectum</strong></span> <span class='ocrx_word' id='word_1_181' title='bbox 1317 2946 1833 3021; x_wconf 76' lang='lat' dir='ltr'><strong>adolescentiae</strong></span> <span class='ocrx_word' id='word_1_182' title='bbox 1858 2970 2059 3019; x_wconf 84' lang='lat' dir='ltr'><strong>meae</strong></span> <span class='ocrx_word' id='word_1_183' title='bbox 2082 2948 2423 3023; x_wconf 84' lang='lat' dir='ltr'><strong>reductus</strong></span> <span class='ocrx_word' id='word_1_184' title='bbox 2448 2972 2621 3020; x_wconf 78' lang='lat' dir='ltr'><strong>sum.</strong></span> 
     </span>
     <span class='ocr_line' id='line_1_25' title="bbox 715 3053 2626 3160; baseline -0.001 -35"><span class='ocrx_word' id='word_1_185' title='bbox 715 3053 1118 3160; x_wconf 73' lang='lat' dir='ltr'><strong>Quidquid</strong></span> <span class='ocrx_word' id='word_1_186' title='bbox 1147 3055 1297 3127; x_wconf 83' lang='lat' dir='ltr'><strong>illic</strong></span> <span class='ocrx_word' id='word_1_187' title='bbox 1319 3056 1597 3127; x_wconf 84' lang='lat' dir='ltr'><strong>iuvenis</strong></span> <span class='ocrx_word' id='word_1_188' title='bbox 1626 3054 1933 3141; x_wconf 74' lang='lat' dir='ltr'><strong>feceram</strong></span> <span class='ocrx_word' id='word_1_189' title='bbox 1954 3106 1979 3143; x_wconf 87' lang='lat'><strong>,</strong></span> <span class='ocrx_word' id='word_1_190' title='bbox 2014 3055 2307 3127; x_wconf 85' lang='lat' dir='ltr'><strong>videbar</strong></span> <span class='ocrx_word' id='word_1_191' title='bbox 2333 3056 2511 3127; x_wconf 86' lang='lat' dir='ltr'><strong>mihi</strong></span> <span class='ocrx_word' id='word_1_192' title='bbox 2534 3054 2626 3125; x_wconf 80' lang='lat' dir='ltr'><strong>fa·</strong></span> 
     </span>
     <span class='ocr_line' id='line_1_26' title="bbox 717 3162 2623 3260; baseline -0.002 -25"><span class='ocrx_word' id='word_1_193' title='bbox 717 3188 876 3245; x_wconf 78' lang='lat' dir='ltr'><strong>cere</strong></span> <span class='ocrx_word' id='word_1_194' title='bbox 899 3162 1142 3237; x_wconf 86' lang='lat' dir='ltr'><strong>adhuc</strong></span> <span class='ocrx_word' id='word_1_195' title='bbox 1163 3190 1366 3260; x_wconf 86' lang='lat' dir='ltr'><strong>posse</strong></span> <span class='ocrx_word' id='word_1_196' title='bbox 1383 3214 1408 3253; x_wconf 89' lang='lat'>,</span> <span class='ocrx_word' id='word_1_197' title='bbox 1440 3183 1514 3239; x_wconf 85' lang='lat' dir='ltr'><strong>et</strong></span> <span class='ocrx_word' id='word_1_198' title='bbox 1536 3168 1755 3259; x_wconf 82' lang='lat' dir='ltr'><strong>paulo</strong></span> <span class='ocrx_word' id='word_1_199' title='bbox 1782 3181 1947 3237; x_wconf 82' lang='lat' dir='ltr'><strong>ante</strong></span> <span class='ocrx_word' id='word_1_200' title='bbox 1972 3164 2228 3241; x_wconf 77' lang='lat' dir='ltr'><strong>fecisse.</strong></span> <span class='ocrx_word' id='word_1_201' title='bbox 2260 3166 2623 3237; x_wconf 81' lang='lat' dir='ltr'><strong>Praenavi-</strong></span> 
     </span>
     <span class='ocr_line' id='line_1_27' title="bbox 719 3270 2621 3373; baseline 0.002 -30"><span class='ocrx_word' id='word_1_202' title='bbox 719 3270 1078 3373; x_wconf 83' lang='lat' dir='ltr'><strong>gavimus‚</strong></span> <span class='ocrx_word' id='word_1_203' title='bbox 1119 3272 1389 3361; x_wconf 89' lang='lat' dir='ltr'><strong>Lucili,</strong></span> <span class='ocrx_word' id='word_1_204' title='bbox 1424 3274 1689 3363; x_wconf 79' lang='lat' dir='ltr'><strong>vitam3</strong></span> <span class='ocrx_word' id='word_1_205' title='bbox 1738 3290 1847 3362; x_wconf 85' lang='lat' dir='ltr'><strong>et,</strong></span> <span class='ocrx_word' id='word_1_206' title='bbox 1892 3274 2525 3368; x_wconf 78' lang='lat' dir='ltr'><strong>quemadmodum</strong></span> <span class='ocrx_word' id='word_1_207' title='bbox 2550 3275 2621 3345; x_wconf 87' lang='lat' dir='ltr'><strong>in</strong></span> 
     </span>
     <span class='ocr_line' id='line_1_28' title="bbox 719 3380 1963 3473; baseline -0.002 -16"><span class='ocrx_word' id='word_1_208' title='bbox 719 3383 900 3457; x_wconf 85' lang='lat' dir='ltr'><strong>mari</strong></span> <span class='ocrx_word' id='word_1_209' title='bbox 918 3431 943 3468; x_wconf 87' lang='lat'><strong>,</strong></span> <span class='ocrx_word' id='word_1_210' title='bbox 989 3396 1074 3453; x_wconf 86' lang='lat' dir='ltr'><strong>ut</strong></span> <span class='ocrx_word' id='word_1_211' title='bbox 1093 3382 1192 3453; x_wconf 87' lang='lat' dir='ltr'><strong>ait</strong></span> <span class='ocrx_word' id='word_1_212' title='bbox 1223 3380 1324 3455; x_wconf 85' lang='lat' dir='ltr'><strong>V1</strong></span> <span class='ocrx_word' id='word_1_213' title='bbox 1335 3400 1655 3455; x_wconf 74' lang='lat' dir='ltr'><strong>Reluus</strong></span> <span class='ocrx_word' id='word_1_214' title='bbox 1682 3398 1920 3455; x_wconf 83' lang='lat' dir='ltr'><strong>noster</strong></span> <span class='ocrx_word' id='word_1_215' title='bbox 1938 3436 1963 3473; x_wconf 87' lang='lat'>‚</span> 
     </span>
     <span class='ocr_line' id='line_1_29' title="bbox 832 3484 2087 3591; baseline 0.008 -31"><span class='ocrx_word' id='word_1_216' title='bbox 832 3526 906 3544; x_wconf 89' lang='lat'><strong>--</strong></span> <span class='ocrx_word' id='word_1_217' title='bbox 943 3524 1016 3544; x_wconf 83' lang='lat'><strong>-·</strong></span> <span class='ocrx_word' id='word_1_218' title='bbox 1051 3506 1380 3588; x_wconf 77' lang='lat' dir='ltr'><strong>terraeque</strong></span> <span class='ocrx_word' id='word_1_219' title='bbox 1412 3494 1714 3591; x_wconf 66' lang='lat' dir='ltr'><strong>urbesque</strong></span> <span class='ocrx_word' id='word_1_220' title='bbox 1736 3484 2038 3581; x_wconf 63' lang='lat' dir='ltr'><strong>recedunt</strong></span> <span class='ocrx_word' id='word_1_221' title='bbox 2056 3522 2087 3571; x_wconf 68' lang='lat'><strong>‚⁰</strong></span> 
     </span>
    </p>

    <p class='ocr_par' dir='ltr' id='par_1_8' title="bbox 587 3601 2625 3921">
     <span class='ocr_line' id='line_1_30' title="bbox 587 3601 2621 3703; baseline 0 -28"><span class='ocrx_word' id='word_1_222' title='bbox 587 3698 593 3703; x_wconf 26' lang='lat'>&#39;</span> <span class='ocrx_word' id='word_1_223' title='bbox 719 3601 816 3675; x_wconf 75' lang='lat' dir='ltr'><strong>sic</strong></span> <span class='ocrx_word' id='word_1_224' title='bbox 835 3652 860 3689; x_wconf 87' lang='lat'><strong>,</strong></span> <span class='ocrx_word' id='word_1_225' title='bbox 902 3602 978 3673; x_wconf 90' lang='lat' dir='ltr'><strong>in</strong></span> <span class='ocrx_word' id='word_1_226' title='bbox 1027 3604 1168 3684; x_wconf 82' lang='lat' dir='ltr'><strong>hoc</strong></span> <span class='ocrx_word' id='word_1_227' title='bbox 1207 3624 1419 3676; x_wconf 77' lang='lat' dir='ltr'><strong>cursu</strong></span> <span class='ocrx_word' id='word_1_228' title='bbox 1443 3602 1861 3697; x_wconf 78' lang='lat' dir='ltr'><strong>rapidissimi</strong></span> <span class='ocrx_word' id='word_1_229' title='bbox 1895 3603 2231 3697; x_wconf 83' lang='lat' dir='ltr'><strong>temporis</strong></span> <span class='ocrx_word' id='word_1_230' title='bbox 2254 3652 2279 3690; x_wconf 89' lang='lat'><strong>,</strong></span> <span class='ocrx_word' id='word_1_231' title='bbox 2314 3602 2621 3696; x_wconf 76' lang='lat' dir='ltr'><strong>primum</strong></span> 
     </span>
     <span class='ocr_line' id='line_1_31' title="bbox 723 3711 2619 3805; baseline 0.001 -24"><span class='ocrx_word' id='word_1_232' title='bbox 723 3712 1105 3803; x_wconf 70' lang='lat' dir='ltr'><strong>paetitiam</strong></span> <span class='ocrx_word' id='word_1_233' title='bbox 1143 3711 1689 3805; x_wconf 58' lang='lat' dir='ltr'><strong>absconditam,</strong></span> <span class='ocrx_word' id='word_1_234' title='bbox 1734 3712 1999 3803; x_wconf 83' lang='lat' dir='ltr'><strong>deinde</strong></span> <span class='ocrx_word' id='word_1_235' title='bbox 2036 3712 2575 3791; x_wconf 82' lang='lat' dir='ltr'><strong>adolescentiam</strong></span> <span class='ocrx_word' id='word_1_236' title='bbox 2596 3760 2619 3799; x_wconf 86' lang='lat'><strong>‚</strong></span> 
     </span>
     <span class='ocr_line' id='line_1_32' title="bbox 728 3804 2625 3921; baseline 0.003 -36"><span class='ocrx_word' id='word_1_237' title='bbox 728 3804 988 3921; x_wconf 64' lang='lat' dir='ltr'><strong>deinde</strong></span> <span class='ocrx_word' id='word_1_238' title='bbox 1006 3820 1374 3917; x_wconf 83' lang='lat' dir='ltr'><strong>quidquid</strong></span> <span class='ocrx_word' id='word_1_239' title='bbox 1399 3840 1515 3901; x_wconf 60' lang='lat' dir='ltr'><strong>est,</strong></span> <span class='ocrx_word' id='word_1_240' title='bbox 1524 3820 1719 3916; x_wconf 79' lang='lat' dir='ltr'><strong>illud,</strong></span> <span class='ocrx_word' id='word_1_241' title='bbox 1730 3821 1915 3895; x_wconf 76' lang='lat' dir='ltr'><strong>inter</strong></span> <span class='ocrx_word' id='word_1_242' title='bbox 1934 3820 2276 3897; x_wconf 84' lang='lat' dir='ltr'><strong>iuvenem</strong></span> <span class='ocrx_word' id='word_1_243' title='bbox 2304 3838 2625 3895; x_wconf 79' lang='lat' dir='ltr'><strong>etsenem</strong></span> 
     </span>
    </p>
   </div>
   <div class='ocr_carea' id='block_1_7' title="bbox 2781 3650 2789 4306">
    <p class='ocr_par' dir='ltr' id='par_1_9' title="bbox 2781 3650 2789 4306">
     <span class='ocr_line' id='line_1_33' title="bbox 2781 3650 2789 4306; baseline 0 0"><span class='ocrx_word' id='word_1_244' title='bbox 2781 3650 2789 4306; x_wconf 95' lang='lat' dir='ltr'><strong> </strong></span> 
     </span>
    </p>
   </div>
  </div>
 </body>
</html>
