2809 4850
697 359 792 448 25
1053 363 1134 439 L.
1183 360 1662 440 ANNAEI
1720 347 2272 436 SENECAE

691 545 844 616 tur;
877 549 1116 601 secum
1143 541 1266 600 est.
1301 527 1677 633 Quamdiu
1698 509 1999 622 quidem
2021 527 2127 600 ini
2154 527 2323 601 licet
2342 551 2481 599 suo
2509 551 2617 600 ar-

691 624 909 712 bitrio
933 663 1040 746 res
1061 663 1211 710 suas
1233 637 1559 710 ordinare
1581 687 1605 727 ,
1636 663 1710 710 se
1736 654 2118 710 contentus
2136 659 2283 710 est.
2307 654 2381 709 et
2410 629 2617 708 ducit

690 771 1046 833 uxorem,
1089 770 1160 818 se
1188 762 1607 818 contentus·
1587 799 1609 834 ,
1664 765 1737 820 et
1770 749 2026 821 liberos
2063 750 2295 838 tollit,
2345 773 2419 820 se
2444 770 2621 820 con·

689 870 970 928 tentus=
999 873 1072 926 et
1095 865 1336 926 tamen
1369 879 1523 927 non
1544 857 1739 929 vivet
1759 909 1782 944 ,
1822 861 1881 928 si
1906 858 2119 931 fuerit
2140 857 2293 930 sine
2314 857 2621 928 homine

687 966 1028 1038 victurus.
1085 963 1206 1036 Ad
1247 963 1632 1036 amicitiam
1674 966 1811 1038 fert
1850 968 2055 1040 illum
2100 969 2299 1038 nulla
2352 965 2621 1036 utilitas

689 1099 858 1162 sua,
893 1074 1018 1144 sed
1040 1073 1370 1146 naturalis
1399 1074 1729 1148 inritatio.
1760 1077 1991 1164 Nam,
2029 1096 2115 1149 ut
2142 1077 2437 1147 aliarum
2474 1098 2623 1144 no-

689 1183 802 1254 bis
824 1205 1062 1254 rerum
1088 1182 1328 1254 innata
1361 1182 1673 1254 dulcedo
1706 1202 1846 1272 est,
1874 1184 1969 1255 sic
1996 1185 2363 1255 amicitiae.
2402 1183 2625 1286 Quo-

689 1289 922 1392 modo
945 1285 1302 1362 solitudo
1283 1314 1360 1361 in
1387 1292 1647 1364 odium
1676 1307 1817 1379 est,·
1848 1311 1920 1364 et
1949 1291 2310 1389 adpetitio
2320 1293 2623 1362 societa-

688 1403 780 1472 tis
809 1401 1190 1495 quomodo
1219 1401 1592 1474 hominem
1629 1403 1909 1475 homini
1950 1419 2205 1474 natura
2244 1398 2623 1484 conciliat3

687 1507 834 1584 sic
813 1530 1000 1585 inest
1031 1513 1202 1585 huic
1227 1536 1535 1606 quoque
1558 1514 1657 1590 rei
1694 1515 2063 1600 stimulus,
2100 1513 2229 1606 qui
2268 1535 2402 1582 nos
2438 1509 2626 1585 ami-

688 1622 1018 1705 citiat-mr
1061 1623 1483 1716 adpetentes
1524 1623 1749 1694 faciat.
1815 1625 2299 1706 Nihilominus
2316 1674 2341 1711 ,
2376 1643 2627 1714 quum

687 1734 781 1806 sit
801 1735 1205 1806 amicorum
1231 1735 1783 1824 amantissimus,
1814 1759 2045 1829 quum
2074 1737 2231 1807 illos
2252 1733 2391 1806 sibi
2408 1756 2624 1804 com-

688 1857 930 1938 paret,
956 1869 1159 1939 saepe
1187 1842 1533 1937 praeferat
1554 1869 1575 1930 3
1594 1861 1827 1916 ‘omne
1852 1845 2036 1916 intra
2060 1870 2133 1916 se
2157 1845 2445 1918 bonum
2469 1859 2627 1918 ter-

639 1947 1030 2038 “minabim
1057 1968 1130 2021 et
1154 1949 1344 2022 dicet
1365 1949 1573 2042 quod
1606 1948 1956 2022 STILPON
1984 1951 2107 2022 ille
2131 1950 2355 2040 dixit,
2382 1974 2621 2044 quem

687 2057 974 2152 Epicuri
1016 2059 1308 2152 epistola
1341 2059 1759 2151 insequitur.
1809 2060 1945 2130 Hic
1974 2059 2167 2130 enim
2188 2111 2213 2148 ,
2258 2077 2464 2154 capta
2485 2083 2623 2153 pa-

688 2168 820 2238 tria
841 2219 866 2255 ,
905 2169 1174 2246 amissis
1201 2166 1475 2254 liberis,
1519 2167 1763 2238 amissa
1794 2193 2063 2257 uxore,
2109 2195 2345 2264 quum
2380 2195 2475 2242 ex
2500 2171 2623 2240 in·-

687 2277 950 2350 cendio
969 2279 1266 2373 publico
1285 2281 1515 2367 solus,
1548 2295 1623 2350 et
1654 2294 1899 2352 tamen
1926 2275 2175 2354 beatus
2200 2285 2462 2370 exiret,
2492 2279 2620 2352 in-

687 2384 1074 2487 terroganti
1097 2388 1511 2479 DemetriO,
1542 2388 1661 2461 cui
1689 2413 2095 2489 cognomen
2121 2392 2213 2464 ab
2242 2391 2466 2465 exitio
2490 2415 2621 2463 ur-

687 2498 896 2569 bium
925 2497 1351 2570 Poliorcetes
1379 2496 1564 2587 fuiss
1606 2499 1949 2597 Numquid
1964 2498 2353 2601 per‘didisset
2370 2506 2415 2572 ἓ
2451 2496 2621 2571 Om-

689 2612 840 2683 nia.
866 2607 1110 2702 inquit
1128 2659 1154 2697 ,
1187 2610 1346 2681 bona
1371 2634 1517 2684 mea
1553 2634 1797 2681 mecum
1836 2630 1991 2681 sunt
2017 2613 2063 2679 Ι·
2084 2610 2304 2700 Ecce,
2328 2608 2437 2681 vir
2464 2608 2621 2681 for·-

689 2719 778 2788 tis
815 2742 895 2791 ac
928 2718 1294 2792 strenuus!
1341 2719 1568 2811 ipsam
1619 2720 1835 2789 hostis
1868 2720 1977 2789 sui
2010 2719 2379 2791 victoriam
2410 2716 2615 2788 vicit·-

689 2826 930 2903 Nihil,
948 2828 1254 2922 inquit,
1277 2828 1574 2927 Ρενώάε
1614 2827 1940 2899 dubitare
1962 2828 2171 2899 illum
2202 2826 2473 2949 coegit,
2516 2849 2619 2895 an

687 2935 994 3005 vicisset.
1022 2935 1268 3015 Omnia
1299 2960 1445 3007 mea
1492 2960 1736 3007 mecum
1769 2954 1961 3007 sunt.
2004 2935 2303 3023 iustitia,
2333 2934 2567 3005 virtus
2586 2984 2616 3020 ,

686 3038 1108 3133 prudentia,
1145 3044 1282 3113 hoc
1307 3044 1782 3135 ipsum,n1h11
1804 3044 2087 3115 bonum
2120 3059 2375 3136 putare
2402 3042 2619 3135 quod
2672 3134 2679 3143 Ι
2785 3078 2786 3093 ¹

616 3180 620 3187 ·
689 3150 868 3243 eripi
918 3151 1153 3243 possit.
1205 3150 1560 3225 Miramur
1602 3154 1925 3225 animalia
1978 3154 2335 3245 quaedam
2354 3166 2615 3247 „quae

649 3260 822 3352 ·p'er
841 3260 1118 3331 medios
1155 3259 1350 3357 ignes
1374 3260 1523 3333 sine
1560 3284 1747 3333 noxa
1786 3284 2171 3354 corporum
2204 3272 2573 3337 transeunt
2591 3291 2616 3332 ι

673 3372 970 3461 quanto
986 3368 1113 3440 'hic
1143 3368 1537 3441 mirabilior
1562 3370 1707 3458 vir,
1752 3369 1884 3462 qui
1907 3393 2036 3462 per
2060 3368 2329 3442 ferrum
2350 3387 2423 3441 et
2462 3372 2617 3442 rui-

675 3498 812 3545 nas
841 3490 927 3546 et
963 3475 1197 3573 ignes,
1241 3477 1512 3550 illaesus
1541 3498 1616 3550 et
1656 3477 2014 3549 indemnis
2039 3477 2255 3549 evasit
2288 3484 2304 3551 Ξ
2332 3478 2557 3551 Vides
2584 3478 2623 3569 ’,’

677 3578 977 3673 quanto
1013 3582 1282 3677 facilius
1305 3586 1413 3655 isit
1453 3600 1677 3655 totam
1720 3599 2009 3682 gentem
2034 3636 2057 3675 ,
2110 3611 2333 3681 quam
2369 3611 2612 3669 unum

679 3688 930 3761 virum
962 3692 1290 3764 vincere?
1333 3694 1529 3765 Haec
1556 3689 1706 3767 vox
1740 3693 1849 3768 illi
1872 3698 2275 3769 communis
2302 3712 2405 3770 est
2428 3720 2609 3770 cum

691 3795 970 3873 Stoico:
1003 3826 1242 3899 aeque
1281 3820 1354 3877 et
1379 3805 1493 3878 hic
1520 3804 1780 3879 intacta
1806 3809 1998 3895 bona
2025 3833 2157 3905 per
2194 3832 2613 3883 concrema-
