2809 4850
574 354 1386 436 EPISTOLA
1451 363 1848 444 XXXV.
2023 395 2158 477 109

216 519 415 626 ligo
385 574 425 622 ,
448 540 809 620 quantum
834 483 909 597 te
939 525 1088 619 ipse
1117 525 1325 619 (nam
1341 525 1630 604 turbam
1655 529 1828 600 olim
1855 531 2160 626 relique-

216 641 371 732 ras)
394 625 939 734 supergrederis.
987 637 1062 708 Si
1084 641 1458 736 agricolam
1484 640 1695 712 arbor
1719 641 1811 713 ad
1840 641 2156 722 fructum

214 747 574 842 perducta
601 746 948 820 delectat·
927 799 950 835 ‚
1000 749 1055 818 si
1083 762 1317 842 pastor
1342 775 1434 822 ex
1464 750 1618 822 fetu
1653 753 1876 852 gregis
1915 754 2020 827 sui
2041 779 2156 827 ca·-

213 862 334 956 pit
366 861 861 954 voluptatem3
916 860 972 932 si
993 863 1395 934 ‘alumnum
1439 889 1652 936 suum
1697 887 1918 936 nemo
1948 866 2151 938 aliter

216 971 589 1060 intuetur,
624 997 841 1068 quam
886 988 970 1043 ut
1000 970 1550 1046 adolescentiam
1595 975 1778 1046 illius
1809 999 2005 1046 suam
2037 980 2152 1048 iu·-

220 1079 448 1152 dicet:
487 1081 673 1176 quid
697 1081 979 1153 evenire
1001 1081 1223 1154 credis
1246 1079 1349 1152 his
1368 1134 1389 1169 ‚
1422 1084 1549 1176 qui
1584 1085 1862 1184 ingenia
1887 1085 2148 1158 educa-

216 1209 523 1280 verunt,
562 1203 678 1282 et,
708 1215 891 1286 quae
915 1212 1153 1264 tenera
1194 1191 1724 1280 formaverunt,
1765 1195 2005 1266 adulta
2033 1222 2150 1268 su-

217 1301 377 1371 bito
404 1301 658 1373 vident
680 1302 714 1372 ?
734 1301 1002 1372 Adsero
1026 1319 1099 1372 te
1126 1301 1337 1372 mihi:
1369 1327 1616 1372 meum
1641 1327 1822 1396 opus
1851 1327 1940 1374 es.
1959 1303 2140 1404 Ege,

218 1430 453 1502 quum
480 1409 804 1480 vidissem
827 1407 1155 1480 indolem
1177 1421 1372 1480 tuam
1394 1459 1416 1496 ,
1445 1409 1649 1482 inieci
1669 1423 1973 1483 'manum
1989 1463 2011 1501 ,
2035 1437 2146 1485 ex·

216 1519 542 1591 hortatus
565 1545 724 1590 sum
744 1570 766 1607 ,
812 1513 1059 1590 addidi
1089 1517 1414 1590 stimulos
1431 1571 1452 1607 ,
1481 1545 1614 1592 nec
1635 1523 1830 1592 lente
1858 1523 1958 1594 ire
1982 1549 2142 1619 pas-

211 1651 327 1700 sus
354 1653 515 1700 sum
544 1681 566 1717 ,
606 1627 729 1700 sed
764 1627 1073 1699 subinde
1100 1627 1422 1700 incitavi:
1475 1645 1548 1700 et
1574 1653 1772 1702 nunc
1809 1632 2007 1706 idem
2036 1632 2142 1704 fa-

213 1741 336 1813 cio
358 1793 383 1832 ,
426 1741 545 1813 sed
565 1741 710 1812 iarn
744 1755 1146 1816 currentem
1186 1740 1473 1836 hortor,
1512 1758 1585 1812 et
1621 1740 1932 1812 invicem
1968 1743 2138 1812 hor-

213 1860 512 1936 tantem.
540 1865 615 1902 -·—=
660 1847 865 1957 Quid
902 1847 1097 1919 aliud
1126 1899 1170 1937 ,.
1197 1847 1474 1942 inquis,
1515 1849 1754 1919 adhuc
1789 1851 2016 1920 volo?
2051 1887 2124 1902 -·

211 1959 297 2030 In
340 1961 482 2030 hoc
509 1962 907 2054 plurimum
937 1976 1057 2030 est.
1108 1959 1297 2028 Nam
1326 1959 1422 2031 sic
1463 1959 1842 2052 quomodo
1872 1957 2139 2054 princi·

214 2070 332 2166 pia
375 2069 601 2142 totius
653 2067 880 2162 operis
928 2069 1327 2166 dimidium·
1352 2091 1700 2162 occupare
1749 2070 2134 2158 dicuntur,

208 2183 305 2251 ita
329 2205 438 2251 res
478 2181 718 2250 animo
755 2197 1065 2251 constat:
1114 2180 1359 2276 itaque
1373 2178 1538 2274 ‘pars
1567 2204 1822 2278 magna
1847 2179 2132 2252 bonita-
2209 2247 2220 2274 f

209 2291 294 2361 tis
324 2307 471 2378 est,
517 2291 701 2361 velle
738 2290 886 2360 fieri
916 2289 1218 2362 bonum.
1266 2289 1412 2360 Scis
1443 2313 1668 2384 quem
1707 2291 1988 2362 bonum
2017 2291 2132 2360 di-

207 2401 415 2473 cam?
442 2399 839 2497 perfectum
854 2454 877 2489 ,
904 2401 1313 2472 absolutum
1333 2451 1355 2488 ,
1390 2423 1614 2505 quem
1647 2402 1922 2472 malum
1945 2399 2132 2473 face-

206 2546 280 2595 te
321 2522 525 2594 nulla
567 2522 711 2609 vis,
754 2523 952 2593 nulla
987 2520 1347 2593 necessitas
1386 2502 1642 2617 'possin
1679 2516 1898 2595 Hunc
1947 2523 2025 2592 in
2057 2538 2128 2593 te
2199 2518 2201 2520 ’

206 2630 602 2725 prospicio,
644 2630 700 2701 si
737 2629 1282 2726 perseveravetis
1326 2644 1401 2701 et
1437 2631 1848 2703 incubueris
1870 2683 1893 2720 ‚
1949 2648 2019 2703 et
2050 2630 2126 2700 id

212 2742 467 2839 egeris,
518 2758 605 2813 ut
630 2742 868 2814 omnia
906 2740 1085 2812 facta
1126 2741 1461 2833 dictaque
1486 2758 1611 2813 tua
1639 2742 1825 2813 inter
1849 2766 1921 2812 se
1949 2764 2129 2813 con-

206 2868 459 2950 gruant
489 2878 574 2925 ac
596 2853 1071 2947 respondeant
1094 2853 1267 2944 sibi,
1313 2871 1385 2924 et
1411 2876 1552 2923 una
1586 2850 1814 2923 forma
1846 2876 2127 2945 percus·

206 2987 269 3033 sa
293 2962 455 3033 sint.
481 2962 659 3034 Non
685 2976 789 3033 est
810 2960 1224 3033 huiusmodi
1248 2960 1526 3032 animus
1562 2960 1638 3029 in
1658 2976 1895 3048 recto,
1925 2960 2125 3030 cuius

209 3076 356 3145 a'cta
391 3071 825 3145 discordant.
866 3071 1068 3144 Vale.

592 3229 1259 3307 EPISTOLA
1332 3228 1711 3308 XXXV·

204 3366 433 3423 Amicum
460 3367 609 3423 illum
638 3368 737 3421 sibi
760 3379 935 3435 optat,
958 3366 1011 3418 id
1032 3378 1111 3419 est
1135 3364 1305 3417 virum
1337 3364 1562 3415 bonum:
1599 3361 1747 3415 aliter
1769 3360 1902 3415 enin
1927 3362 2121 3415 amicus

330 3466 486 3501 nemo
505 3460 617 3512 est,
631 3448 832 3501 etiamsi
850 3459 999 3499 amat.
1023 3444 1137 3498 Hoc
1156 3462 1279 3515 ergo
1300 3444 1474 3506 faciat,
1494 3455 1547 3495 et
1568 3442 1794 3509 inprimis
1811 3442 1974 3495 discat
1995 3458 2122 3493 con·

326 3526 599 3579 veniente:
617 3526 821 3591 vivere,
843 3525 896 3577 id
920 3538 1023 3589 est,
1045 3537 1365 3587 constanter,
1381 3522 1435 3576 id
1454 3534 1536 3577 est
1547 3560 1566 3587 ,
1581 3524 1858 3592 sapientet.

574 3667 935 3749 ,SENECA-
968 3665 1218 3738 Lucilio
1256 3689 1367 3735 suo
1420 3665 1732 3735 Salutem.

196 3770 523 3939 Quum
550 3848 793 3905 tetam
817 3828 1023 3906 valde
1046 3850 1223 3933 rogo
1258 3844 1342 3901 ut
1372 3825 1654 3901 studeas
1671 3878 1697 3920 ,
1724 3846 1968 3899 meum
1989 3842 2118 3895 ne·
