2809 4850
749 397 892 472 272
1135 369 1214 442 1.
1261 367 1710 442 ANNAEI
1756 363 2291 444 SENECAE

743 553 1038 625 corpora
1083 529 1394 616 utimur,
1440 527 1697 601 emissis
1724 525 1855 598 erit
1894 526 2135 620 peius3
2174 526 2383 622 quod
2416 544 2665 602 contra

741 640 964 714 fidem
997 657 1141 726 est,
1187 639 1533 710 feliciores
1574 663 1717 708 esse
1758 637 1995 708 liberis
2022 653 2097 707 et
2135 635 2215 708 in
2244 638 2660 712 universum

741 753 920 824 datis
941 753 1163 822 clusas
1203 765 1278 820 et
1301 745 1624 820 obsessas.
1662 747 1853 818 Illud
1877 772 2181 843 quoque
2224 729 2590 839 dixeram,
2614 752 2663 823 si

737 863 936 936 bona
957 879 1126 934 sunt
1154 885 1261 947 ea,
1288 883 1474 954 quae
1496 877 1647 931 tam
1672 860 1951 930 homini
1976 859 2418 966 contingunt
2442 885 2663 982 quam

735 973 958 1044 mutis
999 969 1466 1057 animalibus„
1513 984 1587 1039 et
1620 983 1821 1038 muta
1858 968 2183 1038 animalia
2224 969 2518 1038 beatam
2562 969 2663 1040 vi-

733 1097 881 1152 tam
927 1096 1197 1150 actura.
1245 1069 1454 1178 quod
1485 1075 1631 1147 fieri
1664 1077 1871 1147 n'ullo
1904 1076 2130 1145 modo
2148 1091 2429 1169 potest.
2482 1077 2663 1148 Om-

735 1191 851 1294 nia
882 1210 1015 1281 pro
1045 1189 1370 1282 Honeste
1387 1185 1723 1279 patienda
1750 1203 1950 1266 sunt3
1983 1184 2191 1276 quod
2212 1208 2367 1255 non
2398 1202 2553 1256 erat
2574 1187 2663 1258 fa·

735 1297 1073 1370 ciendum
1095 1347 1118 1387 ,
1142 1297 1197 1367 si
1220 1313 1394 1368 esset
1418 1297 1659 1368 ullum
1682 1295 1876 1366 aliud
1900 1295 2187 1367 Bonum
2205 1345 2227 1384 ,
2266 1320 2497 1393 quam
2518 1296 2663 1369 Ho-

731 1423 1042 1479 nestum.

830 1515 1024 1587 Haec
1053 1565 1074 1602 ,
1111 1515 1437 1608 quamvis
1464 1512 1669 1584 latius
1697 1534 2136 1605 exsequutus
2169 1539 2389 1588 essem
2426 1517 2661 1610 priore

729 1625 1072 1720 epistola,
1119 1624 1550 1711 constrinxi,
1594 1640 1667 1694 et
1694 1623 2003 1694 breviter
2032 1627 2375 1718 percurri.
2418 1627 2499 1698 N
2504 1651 2657 1700 um-

725 1759 949 1830 quam
987 1753 1234 1806 autem
1269 1759 1429 1805 vera
1456 1732 1589 1804 tibi
1612 1733 1859 1830 opinio
1888 1733 2045 1804 talis
2078 1735 2487 1824 videbitur,
2524 1737 2651 1808 nisi

723 1849 1050 1920 animum
1075 1845 1393 1931 adleves,
1436 1859 1509 1915 et
1546 1861 1619 1916 te
1656 1845 1805 1937 ipse
1843 1844 2274 1942 interroges:
2311 1845 2371 1915 si
2404 1870 2515 1918 res
2538 1870 2651 1916 ex-

725 1960 981 2058 egerit,
1039 1967 1121 2029 u't
1165 1981 1299 2052 pro
1327 1955 1549 2050 patria
1601 1955 1913 2027 moriaris
1935 2005 1959 2044 ‚
2018 1970 2092 2026 et
2140 1958 2445 2026 salutem
2472 1982 2650 2050 om-

721 2069 929 2139 nium
953 2067 1216 2137 civium
1245 2081 1368 2135 tua
1394 2063 1738 2151 redimas,
1764 2089 1854 2134 an
1889 2079 2347 2160 porrecturus
2378 2066 2466 2136 sis
2502 2089 2645 2137 cer-

719 2176 998 2266 vicem,
1039 2201 1206 2252 non
1229 2192 1513 2248 tantum
1548 2175 1939 2272 patienter,
1982 2175 2109 2246 sed
2154 2175 2399 2248 etiam
2419 2151 2651 2247 liben-

722 2292 880 2362 ter?
912 2289 983 2362 Si
1009 2289 1151 2362 hoc'
1177 2287 1488 2360 facturus
1516 2308 1585 2359 es
1603 2336 1627 2376 ,
1656 2289 1944 2359 nullum
1978 2287 2175 2359 aliud
2198 2287 2495 2360 Bonum
2514 2305 2643 2359 est.

719 2401 966 2473 omnia
1024 2400 1220 2472 enim
1279 2396 1679 2492 relinquiS,
1746 2415 1829 2471 ut
1882 2397 2023 2471 hoc
2082 2398 2356 2471 habeas.
2424 2397 2643 2485 Vide,

721 2524 996 2598 quanta
1021 2509 1122 2581 vis
1144 2508 1449 2580 Honesti
1477 2506 1583 2577 sit.
1619 2507 1758 2578 Pro
1782 2491 2147 2604 republica
2174 2508 2497 2580 morieris
2512 2562 2534 2597 ,
2550 2526 2647 2581 et-

715 2615 860 2687 iam
896 2617 953 2686 si
990 2620 1226 2689 statim
1249 2618 1561 2690 facturus
1592 2618 1731 2689 hoc
1754 2619 1931 2710 αἱς,
1968 2644 2202 2713 quum
2238 2618 2473 2691 scieris
2511 2620 2641 2693 tibi

715 2748 859 2797 esse
885 2725 1314 2801 faciendum.
1355 2723 1739 2799 Interdum
1768 2752 1862 2801 ex
1886 2754 1966 2802 re
1991 2728 2475 2824 pulcherrima
2503 2756 2642 2803 ma-
2725 2802 2727 2804 ,

712 2858 944 2933 gnum
975 2835 1359 2935 gaudium,
1391 2838 1605 2911 etiam
1636 2854 1967 2934 tempore
1994 2840 2257 2939 exiguo
2285 2862 2365 2911 ac
2393 2839 2637 2929 brevi,

711 2943 1027 3038 capitur3
1061 2962 1169 3033 et,
1200 2948 1525 3040 quamvis
1556 2945 1827 3019 finctus
1856 2950 2083 3041 operis
2108 2948 2367 3041 peracti
2400 2950 2640 3023 nullus

708 3054 801 3147 ad
843 3054 1269 3127 defunctum
1303 3074 1831 3151 exemtumque
1862 3058 2077 3131 rebus
2112 3055 2443 3128 humanis
2482 3082 2641 3151 per-
2748 3100 2755 3107 ·

709 3162 970 3251 tineat,
996 3164 1144 3257 ipsa
1165 3182 1404 3237 tamen
1439 3168 1963 3261 ‘contemplatio
2000 3166 2225 3239 futuri
2252 3167 2491 3261 operis
2527 3167 2637 3238 iu-

705 3288 867 3343 vat:
931 3288 1004 3343 et
1014 3273 1159 3373 ⁴‚vir
1201 3273 1397 3347 fortis
1442 3300 1525 3349 ac
1570 3278 1825 3367 iustu3,
1885 3304 2119 3373 quum
2172 3278 2424 3351 mortis
2475 3302 2635 3351 suae

701 3378 926 3477 pretia
950 3400 1117 3452 ante
1139 3406 1210 3453 se
1235 3385 1477 3477 posuit
1497 3437 1520 3473 ,
1556 3387 1960 3465 libertatem
1992 3390 2253 3484 patriae
2275 3432 2299 3479 ,
2332 3392 2633 3463 salutem

705 3490 1036 3563 omnium
1065 3517 1200 3587 pro
1231 3496 1499 3588 quibus
1531 3497 1883 3591 dependit
1924 3498 2281 3587 animam,
2342 3507 2425 3571 in
2446 3526 2635 3575 sum-

699 3628 822 3674 ma
849 3606 1220 3701 voluptate
1247 3622 1350 3677 est
1369 3659 1391 3693 ‚
1441 3625 1513 3679 et
1540 3609 1865 3704 periculo
1894 3636 2024 3683 suo
2054 3610 2333 3683 fruitur.
2370 3610 2521 3687 Sed
2548 3615 2633 3685 il-

699 3710 769 3779 le
798 3736 1123 3807 quoque,
1151 3716 1266 3786 cui
1294 3717 1508 3788 etiam
1537 3720 1677 3790 hoc
1700 3720 2049 3817 gaudium
2077 3721 2405 3817 eripitur,
2427 3720 2627 3819 quod

697 3822 1020 3895 tractatio
1061 3828 1296 3921 operis
1335 3828 1737 3903 maximum
1779 3848 1854 3905 et
1896 3832 2243 3911 ultimum
2288 3850 2625 3931 praestat,
