2809 4850
677 357 793 452 ⁴6·
841 348 848 356 ⁶
1055 349 1140 430 L.
1191 349 1640 430 ANNAm
1694 348 2217 428 SENECAE

681 540 846 590 mus
883 511 1216 605 eliditur,
1261 532 1336 588 et
1361 515 1599 588 minus
1638 515 1829 616 agilis
1862 532 1985 590 est.
2036 514 2327 609 Itaque,
2360 522 2607 608 quand

681 642 846 708 tum
873 638 1114 720 potes,
1145 623 1639 697 circumscribe
1665 649 1923 719 corpus
1954 642 2212 711 tuum,
2244 640 2322 694 et
2346 623 2609 694 animo

679 738 931 808 locum
967 736 1160 828 laxa!
1217 735 1451 806 Multa
1472 751 1875 828 sequuntur
1916 732 2381 807 incommoda
2423 731 2607 804 huic

683 842 963 918 deditos
1004 868 1255 918 curaez
1309 845 1627 937 primum
1664 843 2235 931 exercitationes,
2280 865 2605 936 quarum

681 955 885 1028 labor
907 943 1230 1052 spiritum
1259 953 1589 1024 exhaurit
1608 1005 1630 1042 ‚
1666 970 1740 1025 et
1766 953 2157 1024 inhabilem
2200 950 2601 1024 intentioni

681 1089 763 1136 ac
779 1063 1024 1136 studiis
1045 1062 1427 1134 acrioribus
1445 1063 1719 1147 reddit3
1749 1061 2015 1134 deinde
2030 1063 2237 1158 copia
2256 1061 2601 1134 ciborum

679 1174 1048 1246 subtilitas·
1081 1173 1492 1266 impeditur.
1542 1168 1921 1243 Accedunt
1974 1171 2313 1266 pessimae
2370 1189 2599 1245 notae

681 1282 1034 1376 mancipia
1057 1280 1131 1353 in
1165 1271 1643 1379 magirterium
1670 1298 1951 1375 recepta
1975 1333 1997 1368 ,
2036 1279 2363 1354 homines
2400 1282 2597 1354 inter

627 1446 643 1463 .
681 1399 924 1469 oleum
949 1412 1021 1467 et
1045 1395 1298 1466 vinum
1331 1395 1699 1488 occupati3
1736 1395 2000 1488 quibus
2028 1395 2121 1466 ad
2154 1413 2409 1468 votum
2434 1396 2607 1494 dies

679 1524 875 1581 actus
897 1521 1000 1577 est
1016 1555 1041 1592 ,
1089 1505 1144 1575 si
1170 1503 1356 1576 bene
1385 1504 1915 1576 desudaverunt
1930 1556 1955 1593 ‚
1997 1505 2051 1576 si
2073 1505 2149 1599 ip
2172 1507 2416 1577 locum
2436 1505 2601 1576 eius

681 1613 890 1708 quod
912 1613 1220 1700 effluxit,
1250 1617 1569 1684 multum
1603 1611 1919 1706 potionis
1954 1613 2166 1684 altius
2208 1614 2285 1682 in
2312 1614 2591 1686 ieiunio

677 1725 911 1798 iturae
932 1738 1384 1820 regenerunt.
1428 1721 1683 1794 Bibere
1715 1722 2062 1798 etxsudare
2082 1774 2107 1813 ‚
2150 1723 2293 1794 vita
2322 1722 2599 1813 cardia-q

583 1841 588 1851 “
679 1835 746 1906 ci
765 1849 886 1904 est.
917 1827 1108 1900 Sunt
1127 1830 1659 1902 exercitationes
1672 1847 1747 1904 et
1762 1830 1989 1902 faciles
2008 1850 2083 1903 et
2100 1831 2371 1920 breves,
2396 1855 2593 1924 quae

679 1965 936 2034 corpus
975 1955 1047 2009 et
1073 1943 1223 2037 sine
1259 1963 1461 2009 mora
1488 1940 1773 2028 laxent,
1808 1956 1880 2011 et
1906 1941 2215 2033 tempori
2246 1957 2587 2034 parcant,

678 2051 878 2121 cuius
897 2046 1268 2141 praecipua
1293 2046 1471 2116 ratio
1492 2045 1817 2118 habenda
1842 2060 1963 2118 est.
1991 2048 2251 2120 Cursus
2272 2096 2297 2135 ,
2320 2064 2392 2118 et
2410 2071 2589 2118 cum

674 2161 921 2252 aliquo
947 2157 1267 2252 pondere
1308 2180 1557 2228 manus
1592 2172 1871 2244 motae,
1916 2172 1989 2229 et
2026 2159 2276 2244 saltus,
2320 2159 2435 2229 vel
2461 2156 2593 2232 ille

676 2270 810 2364 qui
833 2290 1092 2362 corpus
1125 2267 1202 2338 in
1227 2270 1455 2339 altum
1480 2269 1708 2355 levat,
1740 2268 1857 2340 vel
1878 2267 1997 2338 ille
2022 2267 2149 2359 qui
2174 2266 2253 2337 in
2279 2268 2590 2368 longum

609 2379 614 2387 ’
673 2377 901 2451 mittit
927 2427 953 2466 ‚
1001 2376 1118 2449 vel
1153 2374 1317 2464 ille,
1359 2391 1447 2447 ut
1484 2375 1580 2447 ita
1622 2375 1901 2466 dicam,
1946 2375 2242 2464 saliaris,
2282 2390 2444 2465 aut,
2498 2391 2589 2451 ut

673 2485 1258 2561 contumeliosius
1283 2484 1518 2559 dicam
1539 2537 1564 2576 ,
1602 2485 1959 2559 fullonius.
2003 2485 2240 2592 Quod
2271 2487 2451 2557 libet
2484 2511 2587 2557 ex

672 2602 781 2671 his
807 2600 1026 2697 elige;
1055 2620 1184 2670 usu
1207 2598 1290 2669 fit
1307 2597 1529 2673 facile.
1568 2598 1958 2704 Quidquid
1984 2598 2226 2688 facieS,
2250 2600 2395 2673 cito
2424 2600 2587 2671 redi

571 2764 577 2770 -
671 2734 716 2783 a
737 2733 1037 2805 corpore
1067 2708 1158 2781 ad
1185 2708 1549 2791 animum
1593 2710 1801 2785 illum
1838 2710 2168 2783 noctibus
2198 2734 2279 2781 ac
2321 2708 2589 2783 diebus
2696 2776 2698 2778 ,

671 2844 962 2906 exerce3
993 2818 1235 2893 labore
1259 2821 1551 2896 modico
1588 2822 1799 2895 alitur
1842 2822 1981 2893 ille.
2013 2820 2220 2892 Hanc
2244 2821 2587 2893 exercita-

669 2930 946 3003 tionem
975 2952 1130 3004 non
1152 2928 1366 3032 fitigus
1385 2984 1411 3021 ‚
1448 2955 1603 3005 non
1630 2948 1857 3007 aestus
1895 2932 2243 3027 impediet
2264 2982 2288 3021 ,
2336 2920 2433 3005 ne
2470 2954 2589 3003 se-

669 3058 922 3113 nectus
945 3039 1264 3135 quidem.
1302 3040 1388 3117 ld
1429 3044 1711 3116 bonum
1749 3068 1950 3132 cura,
1989 3043 2197 3137 quod
2232 3058 2609 3117 vetustate.

626 3150 754 3243 ffit
783 3150 1054 3223 melius.
1090 3148 1360 3244 Neque
1377 3176 1512 3249 ego
1546 3168 1620 3225 te
1660 3152 1877 3227 iubeo
1900 3176 2179 3245 semper
2201 3152 2585 3225 imminere

539 3250 544 3255 ⁸
667 3258 856 3361 librq
875 3309 900 3344 ‚
930 3276 1058 3331 aut
1092 3260 1589 3356 pugillaribus:
1640 3260 1963 3332 dandum
2002 3276 2105 3330 est
2130 3259 2432 3354 aliquod
2460 3260 2583 3335 in·-

667 3366 1049 3439 tervallum
1091 3365 1382 3448 anim03
1427 3364 1523 3435 ita
1566 3384 1805 3436 tamen
1846 3379 1932 3437 ut
1965 3388 2117 3435 non
2142 3362 2534 3443 reeolvatur
2554 3418 2587 3457 ,

581 3518 590 3529 »
665 3475 792 3547 sed
837 3469 1254 3543 remittatur.
1317 3469 1631 3551 Gestatio
1677 3489 1751 3544 et
1797 3498 2057 3567 corpus
2094 3476 2461 3566 concutit,
2502 3492 2581 3549 et

665 3580 908 3655 studio
939 3604 1091 3655 non
1119 3580 1366 3653 obficit
1383 3610 1404 3651 z
1442 3582 1659 3676 possis
1696 3584 1926 3682 legere
1946 3637 1967 3671 ,
2012 3585 2228 3679 possis
2258 3585 2525 3659 dictare
2547 3637 2580 3676 ‚

667 3691 882 3787 possis
905 3694 1148 3787 loqui,
1186 3694 1400 3787 possis
1424 3696 1707 3784 audire;
1754 3721 2075 3791 quorum
2103 3696 2284 3769 nihil
2306 3720 2399 3769 ne
2423 3722 2582 3771 am-

667 3802 946 3881 bulatio
977 3804 1282 3901 quidem
1317 3822 1511 3884 vetat
1544 3808 1714 3881 fieti.
1764 3808 1916 3883 Nec
1961 3824 2049 3883 tu
2088 3809 2579 3885 intentionem
