2809 4850
477 373 1288 458 EPISTOLA
1381 383 1793 469 LXXIV.
1950 421 2087 498 255

139 535 298 624 bet
324 535 405 608 in
434 561 565 608 usu
597 537 840 629 Deus3'
882 529 1018 615 nec
1051 543 1247 616 enim
1279 545 1509 619 libido
1538 548 1629 620 ad
1662 551 1866 640 illum
1885 605 1909 645 ‚
1953 581 2091 631 nec

143 651 548 744 epularum
577 651 902 742 lautitia,
937 677 1072 727 nec
1114 681 1324 752 opes,
1377 681 1514 731 nec
1556 661 1959 756 quidquam
1995 694 2089 742 ex

139 759 270 831 his
312 759 690 832 hominem
737 763 1210 839 inescantibus
1229 818 1254 857 ,
1279 783 1353 840 et
1389 771 1515 840 vili
1542 773 1918 866 voluptate
1946 779 2089 850 du·-

135 871 540 960 centibus,
583 874 910 966 pertinet.
965 875 1150 974 Ergo
1175 892 1299 948 aut
1325 879 1664 950 credibile
1700 900 1801 954 est
1824 936 1848 971 ,
1894 887 2086 961 bona

138 978 332 1051 Deo
361 980 632 1070 deesse3
663 1003 784 1056 aut
809 987 948 1057 hoc
970 987 1206 1080 ipsum
1233 1007 1739 1086 argumentum
1778 1015 1916 1087 est,
1954 999 2085 1071 bo·

139 1111 430 1170 nanon
457 1117 598 1162 esse
603 1145 638 1185 ,
666 1119 850 1186 quae
871 1093 1032 1166 Deo
1053 1095 1331 1167 desunt.
1363 1100 1637 1189 Adiice‚
1667 1106 1874 1196 quod
1894 1112 2082 1180 mul-

139 1217 228 1272 ta
252 1252 280 1288 ,
311 1222 500 1294 quae
529 1202 723 1278 bona
740 1203 969 1276 ‘videri
995 1207 1252 1276 volunt
1275 1258 1298 1294 ,
1345 1205 1801 1302 animalibus,
1860 1240 2083 1308 quam

139 1311 482 1398 homini,
519 1314 858 1406 pleniora
902 1314 1358 1412 contingunt.
1430 1317 1569 1388 Illa
1596 1321 1767 1392 cibo
1810 1325 2083 1396 avidius

143 1437 517 1526 utuntur3
576 1444 832 1492 venere
877 1443 1027 1492 non
1070 1447 1297 1515 aeque
1340 1422 1791 1522 fatigantur3
1812 1431 2073 1504 virium

142 1527 294 1598 illis
343 1529 569 1599 maior
610 1547 711 1598 est
752 1542 827 1598 et
865 1527 1306 1620 aequabilior
1339 1530 1661 1603 firmitas:
1718 1538 2076 1630 sequitur,

145 1651 243 1704 ut
267 1637 510 1706 multo
541 1635 850 1708 feliciora
891 1636 1030 1707 sint
1067 1637 1380 1710 homine.
1422 1633 1609 1710 Nam
1640 1639 1789 1712 sine
1822 1643 2078 1736 nequi·
2118 1636 2123 1651 ¹

149 1747 304 1833 tia,
351 1747 501 1818 sine
539 1745 906 1820 fraudibus
951 1747 1258 1846 degunt3
1304 1749 1643 1822 fruuntur
1685 1753 2076 1846 voluptati-

147 1857 298 1928 bus
327 1908 350 1944 ,
394 1881 568 1950 quas
592 1873 666 1928 et
695 1863 912 1957 magis
936 1858 1229 1954 capiunt
1254 1910 1278 1945 ,
1325 1881 1396 1930 et
1422 1883 1510 1932 ex
1538 1859 1761 1948 facili,
1790 1862 1940 1934 sine
1966 1867 2079 1936 ul-

148 1969 233 2037 lo
281 1967 736 2062 pudoris-aut
777 1969 1264 2062 poenitentiae
1301 1987 1525 2045 metu.
1574 1969 1955 2044 Considera
1988 1992 2075 2050 tu

150 2078 440 2170 itaque,
467 2103 556 2149 an
581 2075 656 2150 id
683 2081 940 2152 Bonum
967 2076 1374 2150 vocandum
1415 2083 1503 2149 sit
1522 2131 1544 2166 ,
1577 2103 1729 2172 quo
1759 2077 1951 2156 Deus
1982 2087 2075 2156 ab

133 2183 456 2258 ¹homine
473 2190 802 2286 vincitur.
827 2187 1211 2260 Summum
1239 2189 1521 2260 bonum
1540 2190 1615 2259 in
1641 2191 1885 2264 animo
1900 2215 2073 2264 con·

152 2297 548 2368 tineamus!
592 2297 964 2369 obsolescit
980 2348 1003 2385 ,
1027 2298 1082 2368 si
1103 2297 1195 2367 ab
1218 2297 1497 2391 optima
1521 2299 1737 2369 nostri
1761 2318 1961 2392 parte
1979 2300 2071 2372 ad

153 2408 528 2503 pessimam
575 2409 853 2496 transit,
917 2426 989 2479 et
1031 2405 1439 2479 transfertur
1477 2405 1575 2481 ,ad
1612 2409 1895 2501 seusun,
1936 2411 2068 2503 qui

149 2522 468 2617 agiliores
505 2538 669 2591 sunt
713 2521 1134 2591 animalibus
1171 2520 1408 2590 mutis.
1450 2516 1627 2591 Non
1654 2508 2079 2595 est'summa

153 2628 498 2699 felicitatis
525 2648 802 2719 nostrae
826 2631 900 2699 in
923 2654 1136 2701 carne
1176 2629 1534 2725 ponenda·
1599 2680 1610 2689 κ

248 2742 442 2813 Bona
477 2743 596 2811 illa
625 2759 793 2813 sunt
829 2768 1021 2819 vera,
1057 2766 1240 2833 quae
1269 2740 1491 2815 Ratio
1522 2742 1685 2832 dat,
1722 2700 1945 2817 solida
1988 2770 2069 2819 ac

152 2850 622 2945 sempiterna3
667 2874 850 2943 quae
885 2853 1136 2923 cadere
1182 2878 1337 2924 non
1382 2869 1719 2946 possunt,
1769 2880 1901 2927 nec
1941 2857 2071 2929 de-

79 2998 84 3005 ·
154 2982 458 3031 crescere
489 2959 786 3050 quidem
823 2976 947 3031 aut
985 2959 1256 3031 minuit
1297 2978 1523 3033 cetera
1568 2954 1912 3055 opinione
1934 2963 2069 3035 bo·

152 3094 245 3141 na
289 3084 459 3140 sunt
475 3095 498 3155 3
554 3086 629 3141 et
683 3093 954 3141 nomen
997 3068 1300 3162 qu'idem'
1355 3068 1623 3139 habent
1676 3094 2067 3147 commune

153 3202 322 3251 cum
343 3178 522 3249 veris
542 3230 566 3267 ,
592 3179 984 3273 proprietas
1015 3182 1091 3249 in
1115 3178 1252 3250 illis
1275 3179 1457 3250 boni
1481 3202 1632 3252 non
1662 3196 1783 3251 est.
1816 3182 2067 3275 Itaque

156 3289 476 3360 commoda
517 3308 906 3378 vocentur,
949 3307 1066 3378 et,
1109 3307 1193 3360 ut
1217 3303 1450 3359 nostra
1488 3289 1729 3387 lingua
1771 3292 2065 3387 loquar,

152 3400 498 3499 producta.-
533 3417 853 3471 ceterum
886 3401 1209 3487 sciamuS‚
1243 3401 1597 3495 mancipia
1623 3420 1855 3473 nostra
1879 3398 2064 3489 esse,

45 3537 52 3547 ’
157 3532 300 3580 non
335 3526 592 3601 partes3
651 3525 724 3579 et
750 3511 891 3581 sint
920 3512 1116 3604 apud
1157 3512 1325 3598 nos,
1365 3512 1491 3581 sed
1520 3512 1657 3599 ita,
1706 3530 1790 3588 ut
1815 3511 2067 3583 memi-

155 3619 464 3689 nerimus
513 3633 709 3688 extra
745 3633 874 3688 nos
914 3642 1074 3687 esse.
1136 3616 1363 3687 Etiam
1399 3618 1456 3685 si
1491 3617 1687 3709 apud
1720 3639 1849 3687 nos
1870 3618 2061 3703 sint,

157 3724 338 3799 inter
363 3726 699 3799 ‘subiecta
721 3736 1214 3797 'numerentur
1257 3748 1329 3795 et
1375 3725 1675 3799 humilia
1693 3776 1715 3812 ‚
1738 3718 1745 3725 ⁹
1768 3738 2063 3821 propter

161 3858 340 3929 quae
366 3856 585 3907 nemo
621 3858 694 3909 se
727 3830 1068 3911 adtollere
1101 3830 1374 3905 debeat.
1416 3830 1624 3937 Quid
1652 3831 1843 3905 enim
1880 3836 2059 3909 stul·-
