2809 4850
680 443 827 517 294
1066 375 1148 492 ι’,
1196 349 1650 490 ANNAEi
1691 407 2210 492 SENECAE

674 579 773 652 ad
805 580 1281 674 spectaculum
1324 599 1476 650 non
1513 575 1729 648 fidele
1753 589 1824 647 et
1861 575 2210 648 lusorium
2255 574 2389 648 fiat'
2411 597 2629 647 con-

676 708 915 757 cursus
938 736 961 773 ,
1024 701 1293 778 quanta
1335 687 1424 754 sit
1472 684 1650 756 circa
1703 701 1881 754 artes
1933 681 2158 753 bonas
2221 683 2566 753 solitudo
2595 709 2624 768 ς

612 781 625 792 ’
678 817 895 888 quam
928 794 1246 868 inbecilli
1282 793 1526 866 animo
1565 795 1708 862 sint
1728 842 1751 879 ,
1797 776 2114 884 quorum
2138 794 2430 862 lacertos
2453 794 2624 861 hu-

672 926 1056 995 merosque
1099 903 1462 974 miramur.
1508 898 1700 970 Illud
1747 900 2061 970 maxime
2095 901 2394 972 revolvo
2437 923 2622 969 me-

672 1035 884 1085 cum:
930 1012 985 1082 si
1008 1031 1264 1106 corpus
1286 1009 1578 1106 perduci
1611 1009 2112 1082 exercitatione
2147 1007 2239 1080 ad
2265 1011 2446 1080 hanc
2468 1033 2618 1102 pa-

671 1119 995 1196 tientiam
1037 1133 1317 1214 potest,
1370 1141 1515 1210 qua
1549 1114 1636 1188 *et
1666 1139 1946 1214 pugnos
1985 1115 2246 1210 pariter
2275 1135 2347 1188 et
2371 1119 2618 1189 calces

578 1271 587 1280 -
678 1253 831 1300 non
873 1227 1081 1298 unius
1120 1225 1428 1298 hominis
1473 1223 1678 1310 ferat,
1731 1245 1875 1316 qua
1924 1225 2151 1296 solem
2201 1223 2620 1302 ardentissi-

676 1361 881 1408 mum
920 1334 996 1405 in
1027 1332 1539 1404 ferventissimo
1569 1330 1866 1426 p'ulvere
1910 1334 2256 1409 sustinens
2296 1332 2609 1426 aliquiS,

635 1481 648 1503 ν
674 1461 752 1517 et
776 1447 1115 1542 sanguine
1152 1468 1285 1516 suo
1308 1443 1604 1514 madens
1624 1493 1648 1530 ‚
1689 1441 1883 1513 diem
1910 1442 2162 1527 ducat3
2199 1459 2472 1535 quanto
2501 1441 2616 1512 fa-

670 1556 877 1626 cilius
898 1553 1177 1624 animus
1198 1553 1638 1626 corroborari
1662 1555 1878 1646 possit
1895 1605 1918 1642 ,
1951 1570 2034 1624 ut
2059 1552 2390 1624 fortunae
2411 1555 2608 1625 ictus

672 1664 982 1735 invictus
1017 1662 1364 1756 excipiat,
1418 1680 1501 1733 ut
1545 1662 1940 1758 proiectus,
1999 1677 2086 1732 ut
2139 1665 2608 1736 conculcatus

674 1759 1053 1870 exsurgat?
1082 1771 1357 1865 Corpus
1385 1773 1580 1844 enim
1610 1772 1850 1842 multis
1873 1787 2033 1869 eget
2063 1773 2279 1844 rebus
2299 1825 2320 1859 ,
2355 1768 2444 1846 ut
2467 1799 2608 1844 va-

674 1881 854 1965 leat3
885 1879 1165 1950 animus
1188 1902 1281 1950 ex
1306 1903 1379 1949 se
1403 1879 1645 1950 crescit
1667 1928 1688 1964 ,
1715 1901 1786 1947 se
1814 1876 1961 1974 ipse
1982 1881 2108 1950 alit
2123 1930 2148 1967 ‚
2187 1903 2260 1951 se
2285 1895 2608 1952 exercet.

675 1991 789 2062 lui
828 1993 1066 2062 multo
1105 1989 1310 2076 cibo,
1358 1989 1584 2060 multa
1616 1987 1914 2083 potione
1949 2012 2133 2085 opus
2165 2005 2311 2079 est,
2352 1993 2602 2068 multo

675 2103 843 2172 oleo
860 2151 883 2186 ‚
918 2104 1135 2198 longa
1158 2100 1377 2194 deniq
1390 2126 1482 2172 ue
1507 2125 1758 2194 opera3
1799 2101 1934 2174 tibi
1957 2103 2326 2202 continget
2351 2102 2601 2174 Virtus

674 2209 828 2280 sine
854 2207 1191 2303 adparatu
1211 2259 1236 2296 ‚
1279 2211 1429 2280 sine
1469 2210 1782 2304 inpensa.
1827 2211 2212 2317 Quidquid
2261 2213 2486 2284 facere
2521 2229 2598 2284 te

672 2335 913 2412 potest
949 2319 1227 2390 bonum
1247 2369 1271 2406 ‚
1315 2334 1558 2394 tecum
1588 2339 1706 2392 est.
1754 2321 1960 2427 Quid
2003 2323 2139 2394 tibi
2167 2347 2352 2429 opus
2379 2337 2480 2392 est
2509 2339 2596 2394 ut

674 2428 761 2498 sis
788 2428 1067 2501 bonus?
1108 2428 1355 2501 Velle!
1398 2428 1601 2535 Quid
1632 2444 1873 2501 autem
1905 2432 2158 2502 melius
2195 2447 2398 2525 potes
2441 2433 2592 2501 vel-

672 2536 785 2619 le,
824 2550 1043 2626 quam
1082 2536 1350 2627 eripere
1390 2552 1466 2605 te
1511 2536 1674 2608 huic
1712 2537 2076 2625 servituti,
2123 2562 2310 2630 quae
2339 2562 2594 2609 omnes

672 2643 977 2738 premit3
1016 2660 1231 2735 quam
1268 2644 1618 2737 mancipia
1661 2670 1964 2739 quoque
1995 2645 2422 2718 conditionis
2461 2670 2592 2717 ex-

672 2768 969 2841 tremae,
994 2770 1067 2825 et
1089 2758 1165 2826 in
1186 2755 1291 2827 his
1306 2754 1639 2827 sordibus
1660 2776 1820 2827 nata
1836 2808 1857 2844 ‚
1891 2757 2096 2829 omni
2119 2756 2346 2827 modo
2373 2778 2590 2827 exue·

673 2890 754 2938 re
778 2882 1129 2939 conantur
1146 2866 1181 2935 Ρ
1222 2866 1594 2940 Peculium
1620 2887 1828 2939 snum
1847 2917 1868 2953 ,
1911 2866 2114 2958 quod
2142 2884 2594 2960 comparave-

672 2964 847 3049 runt
876 2993 1129 3069 ⁸ventre
1171 2974 1502 3048 fraudato
1526 3025 1549 3062 ,
1587 2996 1720 3075 pro
1771 2978 2000 3071 capite
2044 2996 2462 3055 numer-ann
2503 2992 2590 3047 tu

674 3104 829 3155 non
842 3084 1295 3188 concupisces
1313 3086 1882 3179 quanticumque
1898 3088 1990 3159 ad
2011 3088 2412 3161 libertatem
2423 3112 2590 3181 pet·

672 3189 957 3277 venire,
996 3193 1125 3283 qui
1156 3190 1232 3261 in
1275 3192 1391 3261 illa
1435 3210 1509 3264 te
1537 3207 1744 3287 putas
1777 3212 2024 3265 natum
2045 3196 2080 3266 ξ’
2125 3194 2333 3303 Quid
2363 3195 2454 3264 ad
2477 3220 2587 3263 ar-

672 3326 831 3373 cam
856 3320 1051 3375 tuam
1082 3304 1359 3397 respicis
1380 3304 1416 3375 ?
1453 3304 1592 3375 emi
1619 3326 1769 3375 non
1803 3320 2058 3399 potest.
2099 3304 2352 3397 ltaque
2379 3305 2456 3375 in
2481 3326 2588 3377 ta·-

672 3414 895 3487 bellas
936 3436 1195 3484 vanum
1242 3414 1623 3487 coniicitur
1663 3437 1936 3487 nornen
1959 3417 2334 3502 libertatis3
2367 3440 2585 3509 quam

668 3546 808 3596 nec
844 3520 975 3615 qui
1016 3538 1347 3597 emerunt
1383 3523 1652 3597 habent
1675 3575 1698 3612 ,
1737 3547 1874 3597 nec
1915 3524 2044 3618 qui
2086 3523 2584 3597 vendiderunt.

670 3622 747 3703 .T
748 3628 849 3701 ibi
874 3630 995 3703 des
1020 3650 1316 3725 oportet
1341 3632 1530 3705 istud
1557 3633 1835 3705 bonum
1857 3683 1880 3722 ‚
1913 3658 1956 3705 a
1977 3652 2050 3705 te
2086 3650 2298 3728 petas.
2333 3632 2587 3707 Libera

540 3768 557 3797 ·
670 3748 751 3805 te
786 3739 1099 3826 primum
1154 3760 1352 3815 metu
1386 3740 1674 3826 mortis5
1717 3740 1836 3825 illa
1873 3742 2084 3813 nobis
2117 3741 2435 3835 primurn
2465 3741 2586 3811 iu-

668 3864 855 3945 gum
879 3844 1165 3941 inponit
1174 3871 1198 3936 3
1234 3848 1497 3923 deinde
1523 3866 1726 3924 metu
1747 3850 2196 3945 paupertatis.
2219 3846 2300 3924 Si
2329 3848 2430 3922 vis
2457 3848 2588 3921 sci-
