2809 4850
704 341 847 439 ,ω
1088 337 1169 414 L
1218 337 1667 415 ANNAm
1713 335 2244 416 SENECAE

702 473 835 592 qui
860 515 1245 594 occupatus
1287 498 1499 572 estin
1537 521 1968 592 supervacua
1997 497 2366 568 literarum
2391 496 2625 590 supe!-

698 611 937 682 lectile
956 611 991 683 Ρ
1018 612 1187 686 Plus
1212 611 1389 687 scire
1415 611 1598 686 velle
1617 659 1641 697 ,
1673 633 1896 704 quam
1923 610 2013 680 sit
2047 611 2232 694 satis,
2267 608 2626 701 intempe-

698 723 962 794 rantiae
982 746 1203 818 genus
1230 739 1350 806 est.
1392 719 1650 827 Quid?
1689 720 1898 813 quod
1923 720 2050 790 ista
2075 718 2487 792 liberalium
2525 743 2624 788 ar-

697 828 885 902 tium
937 831 1366 904 consectatio
1413 831 1789 916 molestos,
1841 831 2222 917 verbosos,
2267 831 2624 922 intempe-

694 935 947 1026 stivos,
983 938 1115 1010 sibi
1156 940 1516 1033 placentes
1541 937 1704 1010 facit
1725 987 1750 1026 ,
1783 955 1856 1010 et
1879 937 2045 1008 ideo
2075 959 2232 1008 non
2273 935 2616 1022 discentes

692 1047 1074 1118 necessaria
1088 1097 1112 1135 ,
1142 1046 1313 1140 quia
1342 1069 1774 1140 supervacua
1803 1045 2231 1119 didicerunt.
2283 1047 2620 1149 Quarum·
2743 1056 2755 1073 ·

692 1155 917 1228 millia
965 1156 1311 1230 librorum
1352 1155 1712 1251 Didymus
1757 1155 2256 1254 grammaticus
2301 1152 2616 1246 scripsit3

694 1263 905 1337 miser
924 1315 948 1351 ,
974 1265 1031 1336 si
1062 1281 1207 1338 tam
1234 1269 1463 1338 multa
1485 1289 1914 1360 supervacua
1938 1264 2252 1362 legisset!
2289 1263 2382 1332 In
2415 1261 2522 1334 his
2545 1261 2616 1332 li·

692 1371 839 1444 bris
860 1373 954 1448 de
977 1376 1197 1472 patria
1224 1377 1522 1448 Homeri
1545 1377 1910 1469 quaeritur
1928 1426 1953 1462 ,
1988 1375 2068 1446 in
2091 1373 2196 1444 his
2217 1371 2319 1444 de
2337 1369 2615 1443 Aeneae

690 1499 917 1556 matre
930 1509 1130 1572 vera3
1152 1484 1227 1556 in
1241 1486 1369 1572 his,
1388 1484 1837 1558 libidinosior
1853 1483 2258 1570 Anacreon,
2279 1505 2374 1552 an
2395 1479 2616 1552 ebrio-

688 1592 830 1664 sior
874 1592 1130 1665 vixerit
1150 1593 1186 1665 ?
1241 1593 1317 1666 in
1358 1593 1464 1664 his
1482 1625 1524 1684 ,·
1553 1615 1646 1664 an
1687 1591 1984 1686 Sappho
2021 1591 2313 1686 publica
2355 1589 2619 1661 fuerit?

690 1717 767 1774 et
789 1701 921 1775 alia
942 1753 965 1790 ‚
1000 1727 1187 1797 quae
1214 1719 1414 1776 erant
1443 1701 1908 1789 dediscenda,
1953 1701 2008 1771 si
2043 1700 2268 1774 scires·
2305 1699 2343 1770 Ι
2377 1722 2568 1793 nunc
2587 1749 2611 1788 ,

690 1827 769 1884 et
798 1813 1085 1911 longam
1120 1838 1261 1886 esse
1288 1813 1510 1906 vitam
1545 1813 1756 1912 nega!
1824 1807 1968 1884 Sed
2002 1810 2093 1884 ad
2123 1825 2410 1882 nostros
2435 1833 2614 1904 quo-

658 1932 843 2013 'que
870 1945 1105 2014 quum
1131 1923 1566 2017 perveneris,
1597 1921 1971 1994 ostendam
2002 1921 2234 1992 multa
2256 1920 2614 1994 securibus

688 2026 1096 2098 recidenda.
1138 2029 1408 2128 Magno
1457 2030 1808 2124 inpendio
1847 2045 2270 2124 temporum
2291 2075 2318 2117 ,
2363 2051 2616 2126 magna

688 2134 1077 2208 alienarum
1120 2137 1408 2208 aurium
1437 2137 1816 2238 ‘moiestiffi
1865 2135 2180 2208 laudatio
2225 2137 2404 2208 haec
2441 2160 2612 2208 con-

686 2262 865 2352 stas,
904 2247 963 2317 0
992 2249 1305 2344 hominem
1356 2250 1740 2322 literatum!
1775 2243 2012 2322 Simus
2053 2250 2194 2322 hoc
2236 2251 2460 2324 titulo
2497 2274 2616 2324 ru-

688 2353 971 2433 sticiote
998 2359 1369 2449 contenti,
1421 2361 1480 2431 Ο
1505 2363 1716 2435 virum
1741 2362 1966 2435 bonum
1985 2363 2014 2431 !
2065 2361 2268 2449 Itane
2293 2363 2450 2435 est?
2493 2385 2612 2435 an-

686 2468 883 2537 nales
920 2471 1251 2541 evolvam
1306 2469 1642 2543 omnium
1683 2472 2008 2569 gentium
2027 2521 2050 2561 ,
2096 2492 2222 2561 et,
2265 2472 2429 2566 quis
2469 2471 2608 2566 pri·

684 2598 849 2645 mus
874 2576 1181 2647 carmina
1206 2578 1556 2673 scripserit
1573 2629 1597 2667 ,
1629 2604 2004 2673 quaeram3
2035 2598 2402 2676 quantum
2430 2600 2610 2657 tem-

684 2683 879 2777 poris
916 2684 1101 2759 iuter
1128 2686 1474 2781 Orphea
1455 2691 1728 2761 intersit
1760 2708 1836 2763 et
1879 2692 2324 2782 Homerum,
2375 2718 2609 2788 quum

685 2795 896 2869 fastos
933 2820 1083 2871 non
1120 2798 1466 2889 habeam,
1501 2798 1957 2897 conputab03
1999 2822 2072 2877 et
2099 2805 2523 2911 Aristarchi
2504 2832 2610 2879 m-

688 2908 911 3001 eptias
930 2958 955 2995 ,
1004 2907 1269 3002 quibus
1304 2910 1532 2981 aliena
1575 2914 1886 2985 carmina
1916 2915 2370 3017 compinxit,
2410 2940 2610 2989 reco-

687 3038 1055 3112 gnoscam3
1095 3032 1169 3087 et
1194 3030 1500 3089 aetatem
1531 3018 1608 3089 in
1635 3019 1922 3115 syllabis
1940 3024 2366 3096 conteram?
2405 3024 2606 3097 Itane

686 3127 765 3195 in
787 3124 1215 3223 geometriae
1244 3128 1546 3221 pulvere
1573 3129 1937 3203 haerebo?
1965 3129 2178 3205 Adeo
2203 3134 2387 3205 mihi
2409 3158 2606 3229 prae·

688 3251 983 3330 ceptum
1038 3235 1221 3307 illud
1276 3239 1574 3309 salutare
1621 3238 1890 3311 excidit
1911 3290 1938 3327 ,
1988 3240 2309 3343 Temperi
2346 3245 2604 3342 parce!

688 3346 890 3417 Haec
906 3344 1117 3421 sciam
1138 3345 1173 3417 P
1210 3360 1284 3421 et
1308 3346 1540 3439 quid·
1522 3351 1898 3446 ignorem?
1939 3349 2004 3423 A
2021 3370 2062 3423 P
2083 3371 2128 3423 P
2145 3371 2178 3423 1
2201 3372 2252 3425 o
2271 3374 2324 3425 n
2371 3379 2606 3453 gram·

684 3456 1021 3544 maticus,
1073 3455 1207 3549 qui
1248 3458 1386 3531 sub
1421 3456 1508 3531 G.
1553 3458 1838 3532 Caesare
1880 3477 2034 3534 tota
2076 3461 2462 3539 circulatus
2503 3483 2604 3541 est

688 3566 1015 3654 Graecia,
1038 3582 1111 3638 et
1138 3568 1215 3640 in
1239 3590 1510 3645 nomen
1536 3570 1836 3645 Homeri
1866 3571 1968 3645 ab
1987 3574 2330 3647 omnibus
2360 3578 2604 3650 civita·

685 3674 883 3747 tibus
904 3675 1325 3771 adoptatus,
1366 3678 1641 3768 aiebat,
1669 3680 2059 3758 Homerum.
2091 3701 2370 3783 utraque
2403 3704 2610 3759 mate-

683 3781 791 3857 ria
834 3804 1319 3867 consummata
1367 3805 1434 3861 et
1474 3788 1786 3889 Odyssea.
1832 3806 1898 3863 et
1925 3788 2184 3870 Iliade.
2209 3794 2612 3893 principium
