2809 4850
642 321 781 424 ιςε
987 319 1093 428 ..ιἡ
1142 313 1588 390 ANNAEI
1635 277 2176 408 s'ENEcmz.

630 505 863 577 aeque
896 481 973 554 in
1000 493 1422 573 tempestate
1443 475 1696 548 timere
1715 524 1739 561 ,
1773 499 1997 569 quam
2023 492 2302 570 terram.
2343 473 2568 572 Peius

624 609 871 666 autem
896 587 1198 662 vexabar
1214 637 1239 676 ,
1270 611 1487 680 quam
1515 600 1602 656 ut
1625 585 1803 658 mihi
1827 583 2230 680 periculum
2259 611 2562 676 succur-

612 711 852 787 ’ποι-θη
896 721 1155 774 nausea
1185 697 1379 770 enim
1400 720 1558 784 me,
1591 694 1816 793 segnis
1845 697 2020 768 haec
2038 747 2062 786 ,
2100 712 2173 768 et
2203 697 2356 770 sine
2385 698 2562 776 ¹exi--

626 828 711 883 tu
730 861 757 899 ‚
791 807 1181 902 torquebat
1202 857 1226 894 ,
1264 829 1450 900 quae
1471 805 1694 876 bilem
1717 823 2008 894 movet,
2045 829 2180 880 nec
2210 806 2556 882 effundit.

622 917 897 994 Institi
882 935 1127 1010 itaque
1150 914 1639 1013 gubernatori,
1671 931 1744 986 et
1767 915 2014 1002 illum,
2039 917 2256 988 vellet
2279 919 2556 1007 nollet,

624 1027 823 1126 coegi
852 1041 1094 1120 petere
1125 1023 1341 1097 littus.
1387 1021 1608 1092 Cuius
1633 1035 1717 1090 ut
1750 1019 2082 1092 viciniam
2117 1022 2552 1120 adtigimus,

619 1161 776 1212 non
796 1151 1169 1232 exspecto,
1196 1148 1278 1204 ut
1302 1129 1704 1225 quidquam
1731 1153 1820 1205 ex
1841 1132 2234 1228 praeceptis
2252 1131 2550 1210 Vmer-

464 1239 469 1250 ’
560 1337 567 1344 .
620 1263 743 1318 Lu
780 1244 943 1330 fiat,

500 1421 505 1428 ,
810 1351 1145 1422 obvertunt
1173 1349 1405 1449 pelago
1430 1371 1665 1448 proras
1681 1373 1734 1426 s.
1757 1385 1831 1428 ·-,-
1867 1383 1943 1404 -·

614 1475 743 1536 aut
1290 1555 1298 1563 x

540 1565 544 1572 ¹
782 1606 1059 1678 ‘ancora‘
1091 1580 1168 1652 de
1192 1605 1392 1679 prora
1431 1582 1758 1652 iaciatur:
1790 1579 1872 1666 ‚⁴-
1916 1619 1990 1634 -

614 1694 784 1782 sed,
834 1717 1115 1766 memor
1142 1692 1631 1782 artificii'mei,
1679 1709 1882 1764 vetus
1918 1687 2212 1789 frigidae
2245 1693 2487 1766 cultor
2507 1745 2536 1783 ,

612 1807 829 1878 mitto
872 1827 991 1876 me
1029 1804 1107 1874 in
1152 1825 1379 1890 mare,
1425 1801 1808 1896 quomodo
1835 1804 2372 1898 psychrolutam
2401 1803 2540 1872 de·-

603 1907 763 2003 ‘cet,
810 1930 1239 2012 gausapatus.
1294 1913 1507 2017 Quae
1547 1926 1752 2006 putas
1798 1935 1918 1982 me
1961 1925 2284 2006 passum,
2338 1911 2534 1984 dum

610 2047 743 2116 per
762 2047 999 2117 aspera
1028 2044 1243 2118 erepo
1259 2072 1283 2111 ,
1316 2023 1496 2092 dum
1523 2022 1709 2094 viam
1735 2032 2008 2116 quaero
2025 2073 2050 2112 ,
2079 2022 2256 2095 dum
2281 2023 2466 2096 facio
2493 2025 2532 2094 Ξ)

605 2130 974 2217 Intellexi,
1003 2154 1154 2201 non
1186 2130 1522 2202 inmerito
1548 2130 1781 2203 nautis
1813 2149 2072 2204 terram
2113 2130 2362 2204 timeri.
2407 2133 2534 2204 In-

606 2239 975 2312 credibilia
1016 2253 1253 2324 sunt,
1284 2261 1471 2332 quae
1523 2239 1850 2330 tulerim,
1907 2266 2142 2343 quum
2183 2267 2302 2314 me
2321 2241 2532 2328 fe'rre
2623 2339 2628 2344 ¹

602 2371 762 2422 non
784 2371 1081 2444 possem.
1128 2344 1321 2418 Illud
1342 2347 1558 2437 scito,
1595 2347 1914 2447 Ulyssem
1945 2375 2098 2424 non
2138 2351 2346 2424 fuisse
2368 2368 2526 2441 tam

545 2522 565 2533 ..
602 2459 783 2533 irato
831 2458 1007 2531 mari
1048 2474 1345 2545 natum,
1378 2478 1466 2529 ut
1505 2457 1783 2553 ubique
1820 2462 2180 2561 naufragia
2217 2463 2522 2537 faceret:

600 2586 977 2641 nauseatur
991 2583 1165 2641 erat.
1214 2564 1303 2637 Et
1328 2589 1503 2663 ego,
1531 2590 2012 2690 quocumque
2042 2572 2364 2670 navigate
2389 2570 2525 2683 de..

600 2675 833 2751 buero
850 2728 873 2765 ,
900 2674 1239 2749 vicesimo
1258 2696 1454 2763 anno
1483 2678 1916 2771 perveniam.

708 2784 813 2859 Ut
843 2785 1163 2881 primum
1195 2784 1644 2857 stomachum
1663 2836 1687 2873 ,
1735 2809 1958 2881 quem
1985 2788 2112 2861 scis
2135 2812 2310 2863 cum·
2341 2793 2524 2867 mari

586 2920 933 2991 ‘nauseam
976 2894 1335 2993 effugere,
1391 2894 1708 2993 conlegi,
1746 2912 1832 2967 ut
1867 2920 2123 2993 corpus
2170 2902 2524 2977 unctione

518 3090 521 3097 ¹
593 3004 901 3079 recreavi
916 3030 941 3093 5
973 3004 1114 3075 hoc
1136 3003 1674 3099 coepimecum-
1701 3006 2010 3103 cogitare
2028 3057 2053 3093 ,
2087 3027 2358 3101 quanta
2381 3034 2521 3085 nos

534 3188 565 3202 „
592 3114 939 3197 vitiorum
988 3133 1398 3187 nostrorum
1443 3131 1862 3208 sequeretur
1913 3115 2228 3205 oblivi03
2293 3121 2515 3196 etiam

590 3226 1118 3319 corporalium,
1170 3248 1357 3317 quae
1402 3221 1711 3297 subinde
1750 3225 2152 3300 admonent
2195 3232 2378 3320 sui'3
2387 3256 2518 3306 ne·

590 3335 775 3409 dum
796 3335 1126 3421 illorum,-
1168 3358 1360 3427 quae
1379 3358 1470 3405 eo
1510 3336 1729 3433 magis
1757 3337 2018 3425 latent,
2058 3363 2212 3431 quo
2243 3344 2516 3422 maiora

543 3494 548 3498 -
588 3464 779 3519 sunt.
802 3440 1337 3535 Levisaliquem
1352 3443 1803 3517 motiuncula
1817 3440 2108 3543 decipit:
2135 3450 2258 3523 sed
2273 3478 2514 3547 quum

584 3555 859 3641 crevit,
902 3569 979 3625 et
1008 3576 1173 3625 vera
1210 3537 1422 3625 febris
1457 3555 1746 3644 exarsit,
1796 3557 2009 3630 etiam
2034 3560 2221 3634 duro
2251 3583 2325 3637 et
2352 3590 2516 3661 pet.

486 3734 492 3742 ,
586 3661 875 3755 pessitio
920 3662 1439 3737 confessionem
1505 3665 1861 3761 exprimit.
1926 3670 2156 3743 Pedes
2209 3672 2512 3763 dolent,

555 3773 863 3847 articuli
912 3778 1504 3876 punctiunculas
1504 3781 1864 3857 sentiunt:
1883 3783 2148 3871 adhuc
2179 3784 2511 3895 dissimuj-
