2809 4850
700 345 835 425 108
1068 341 1151 418 L.
1202 339 1647 414 ANNAEI
1695 336 2229 414 SENECAE

692 503 819 578 diu
850 502 1261 576 didicerant.
1290 499 1718 574 Memoriam
1739 499 1814 572 in
1829 498 2074 573 alienia
2093 515 2632 599 exercueruntz

689 612 883 684 aliud
905 629 1147 684 autem
1180 628 1285 684 est
1308 610 1750 697 meminisse,
1789 609 1986 683 aliud
2011 609 2202 684 scire;
2237 609 2634 682 Meminis-

688 743 802 805 se,
852 736 953 790 est
999 743 1155 791 rem
1186 719 1629 792 commissam
1675 717 2056 793 memoriae
2091 713 2496 815 custodire3
2549 732 2631 788 at

686 842 931 898 contra
971 828 1179 913 scire,
1222 842 1329 896 est
1357 840 1436 897 et
1472 851 1591 897 sua
1641 825 1864 898 facere
1905 851 2278 920 quaeque,
2335 850 2475 898 nec
2524 827 2628 897 ab

686 936 1073 1029 exemplari
1108 935 1424 1029 pendere
1459 952 1531 1005 et
1563 936 1824 1006 totiens
1873 935 2213 1028 respicere·
2249 921 2342 1004 ad
2382 935 2627 1032 magi-

683 1059 930 1114 strum.
972 1045 1137 1132 Hoc
1172 1043 1359 1116 dixit
1395 1045 1602 1118 Zeno
1623 1095 1648 1132 ‚
1669 1045 1820 1115 hoc
1855 1043 2248 1138 Cleanthes.
2304 1039 2623 1136 Aliquid

684 1151 956 1223 intersit
996 1153 1179 1226 inter
1220 1172 1295 1226 te
1318 1206 1342 1240 ,
1399 1170 1475 1228 et
1521 1150 1835 1227 librum!
1893 1175 2278 1246 quousque
2334 1152 2563 1240 diqces
2585 1153 2624 1222 Ρ

682 1261 827 1330 iam
854 1276 927 1332 et
943 1262 1301 1358 praecipe..
1327 1303 1399 1316 -
1434 1262 1640 1367 Quid
1660 1265 2034 1355 est‚‚quare
2057 1261 2372 1350 audiam,
2399 1259 2621 1354 quod

679 1371 915 1465 legere
939 1371 1273 1463 possum?
1310 1411 1381 1424 -
1417 1371 1736 1444 Multum
1755 1420 1780 1458 ,
1825 1371 2070 1464 inquit
2089 1421 2112 1459 ,
2139 1371 2300 1444 viva
2322 1392 2475 1443 vox
2503 1371 2621 1440 fa·-

682 1478 801 1549 cit.
832 1479 1105 1563 ——Non
1124 1479 1426 1572 quidem
1453 1479 1622 1552 haec
1638 1531 1662 1568 ,
1693 1503 1879 1574 quae
1897 1479 2138 1552 alienis
2162 1479 2620 1564 verbiscom-

680 1586 1061 1678 modatut,
1098 1606 1173 1663 et
1196 1590 1488 1664 actuarii
1515 1591 1667 1662 vice
1701 1590 2045 1687 fungitur.
2081 1588 2332 1662 Adiice
2363 1612 2617 1678 nunc,

683 1697 893 1790 quod
918 1699 1068 1787 isti,
1095 1693 1662 1794 qui'numquam
1687 1701 1958 1772 tutelae
1993 1723 2158 1770 suae
2185 1701 2412 1789 fiunt,
2461 1701 2619 1794 pri-

680 1829 891 1880 mum
937 1808 1014 1878 in
1056 1832 1139 1880 ea
1175 1833 1253 1880 re
1285 1827 1692 1902 sequuntur
1725 1809 2030 1902 priores,
2073 1808 2150 1878 in
2199 1834 2342 1902 qua
2381 1834 2616 1882 nemo

680 1938 836 1986 non
858 1941 897 1986 a
924 1915 1161 2009 priore
1192 1917 1528 1990 descivit:
1564 1915 1826 1988 deinde
1851 1919 1928 1987 in
1953 1941 2034 1990 ea
2056 1943 2134 1989 re
2161 1937 2609 2012 sequuntur,

680 2047 871 2115 quae
918 2026 1157 2098 adhuc
1195 2028 1596 2120 quaeritur3
1657 2051 2064 2122 numquam
2109 2046 2351 2104 autem
2397 2032 2614 2104 inve·-

676 2132 953 2220 nietur‚
984 2133 1041 2203 si
1073 2136 1401 2206 contenti
1444 2135 1837 2207 fuerimus
1821 2138 2146 2210 inventis.
2195 2141 2611 2230 Praeterea,

674 2236 807 2328 qui
826 2237 1047 2311 alium
1070 2241 1421 2334 sequitur,
1449 2241 1669 2314 nihil
1652 2245 1984 2348 invenit,
1989 2243 2216 2319 immo
2238 2269 2373 2324 nec
2392 2273 2614 2344 quae-

674 2344 898 2416 rit.-
946 2345 1155 2452 Quid
1188 2351 1410 2450 ergo?
1445 2373 1598 2424 non
1619 2351 1742 2435 ibo
1767 2377 1900 2449 per
1923 2351 2245 2484 priorum
2265 2359 2614 2458 vestigia?

688 2494 763 2508 -
788 2454 939 2553 Ego
960 2482 1129 2531 veto
1148 2478 1305 2531 utar
1324 2458 1436 2533 via
1456 2478 1734 2551 vetere3
1761 2466 1926 2554 sed,
1945 2468 1998 2539 si
2017 2471 2428 2563 propiorem
2449 2474 2613 2567 pla-

675 2564 1105 2661 niorernque
1135 2562 1532 2660 invenero,
1591 2574 1775 2645 hanc
1812 2579 2158 2652 muniam.
2225 2582 2383 2685 Qui
2431 2599 2609 2657 ante

674 2697 807 2744 nos
844 2674 971 2745 ista
1001 2694 1434 2769 moverunt,
1473 2702 1632 2755 nou
1673 2683 1957 2761 domini
1994 2692 2256 2779 nostri,
2307 2692 2432 2763 sed
2459 2691 2612 2765 du·-

676 2808 788 2855 ces
812 2800 1005 2875 gunt.
1037 2787 1238 2861 Patet
1271 2790 1608 2864 omnibus
1637 2796 1934 2887 veritas,
1966 2800 2304 2872 nondum
2341 2816 2446 2873 est
2473 2826 2608 2875 oc·-

673 2912 963 3075 Zupataz
995 2899 1314 2973 multum
1342 2926 1436 2975 ex
1459 2902 1576 2975 illa
1605 2906 1820 2977 etiam
1851 2905 2106 2981 futuris
2125 2910 2454 2983 relictum
2475 2928 2608 2983 est.

648 3062 655 3069 ,
747 3008 875 3081 ale.

1066 3151 1744 3229 EPISTOLA
1811 3160 2216 3236 XXXIV.

586 3308 589 3311 ψ
674 3269 913 3325 Gaudere
934 3288 993 3327 se
1010 3274 1065 3325 in
1081 3276 1320 3343 profectu
1340 3276 1522 3331 Lucilii
1539 3316 1554 3343 ,
1573 3279 1694 3349 quia
1716 3281 1912 3352 abipso
1929 3293 2012 3339 est
2025 3322 2042 3349 ,
2063 3298 2120 3339 et
2141 3286 2255 3356 ipse
2279 3286 2608 3345 eumforma-

806 3365 907 3420 vit.
940 3366 1195 3423 Hortatur
1213 3386 1369 3438 porro
1396 3388 1634 3443 pergere,
1651 3386 1706 3429 et
1729 3375 1789 3429 ad
1812 3392 2083 3434 summum.

1063 3510 1412 3589 SENECA
1461 3496 1717 3589 Lucilio
1764 3545 1877 3589 suo
1913 3520 2230 3596 Salutem.

678 3608 1045 3746 CREsco
1086 3688 1161 3749 et
1206 3678 1488 3751 exsulto
1501 3730 1542 3766 ,.
1571 3697 1654 3753 et
1677 3682 1975 3758 discussa
2006 3704 2606 3767 senectutexreca-
2677 3658 2682 3665 ⁸

678 3778 862 3851 lesco
882 3832 905 3867 ,
938 3789 1271 3878 quotiens
1292 3812 1387 3861 ex
1404 3780 1516 3863 'his
1533 3843 1556 3881 ,
1599 3816 1784 3887 quae
1809 3796 1948 3895 agis
1972 3814 2045 3873 et
2067 3800 2306 3873 scribis
2329 3854 2355 3893 ,
2387 3802 2604 3877 intel-
