<?xml version="1.0" encoding="UTF-8"?>
<!DOCTYPE html PUBLIC "-//W3C//DTD XHTML 1.0 Transitional//EN"
    "http://www.w3.org/TR/xhtml1/DTD/xhtml1-transitional.dtd">
<html xmlns="http://www.w3.org/1999/xhtml" xml:lang="en" lang="en">
 <head>
  <title>
</title>
<meta http-equiv="Content-Type" content="text/html;charset=utf-8" />
  <meta name='ocr-system' content='tesseract 3.04.00' />
  <meta name='ocr-capabilities' content='ocr_page ocr_carea ocr_par ocr_line ocrx_word'/>
</head>
<body>
  <div class='ocr_page' id='page_1' title='image "./lannaeisenecaea01bipogoog_0169.png"; bbox 0 0 2809 4850; ppageno 0'>
   <div class='ocr_carea' id='block_1_1' title="bbox 517 239 2126 432">
    <p class='ocr_par' dir='ltr' id='par_1_1' title="bbox 517 239 2126 432">
     <span class='ocr_line' id='line_1_1' title="bbox 517 239 2126 432; baseline 0.024 -49"><span class='ocrx_word' id='word_1_1' title='bbox 517 307 1734 432; x_wconf 57' lang='lat' dir='ltr'>”EPISTOPA-Lffl·</span> <span class='ocrx_word' id='word_1_2' title='bbox 1989 239 2126 422; x_wconf 45' lang='lat'>15}</span> 
     </span>
    </p>
   </div>
   <div class='ocr_carea' id='block_1_2' title="bbox 186 472 2124 1339">
    <p class='ocr_par' dir='ltr' id='par_1_2' title="bbox 186 472 2124 1339">
     <span class='ocr_line' id='line_1_2' title="bbox 186 472 2124 572; baseline 0.001 -22"><span class='ocrx_word' id='word_1_3' title='bbox 186 477 487 564; x_wconf 77' lang='lat' dir='ltr'>lamus-3.</span> <span class='ocrx_word' id='word_1_4' title='bbox 502 489 579 546; x_wconf 87' lang='lat' dir='ltr'>et</span> <span class='ocrx_word' id='word_1_5' title='bbox 596 489 728 545; x_wconf 76' lang='lat' dir='ltr'>aut</span> <span class='ocrx_word' id='word_1_6' title='bbox 749 473 973 556; x_wconf 85' lang='lat' dir='ltr'>talum</span> <span class='ocrx_word' id='word_1_7' title='bbox 996 473 1355 546; x_wconf 72' lang='lat' dir='ltr'>extorsisse</span> <span class='ocrx_word' id='word_1_8' title='bbox 1384 472 1688 572; x_wconf 75' lang='lat' dir='ltr'><strong>dicimus</strong></span> <span class='ocrx_word' id='word_1_9' title='bbox 1703 526 1724 563; x_wconf 86' lang='lat'>,</span> <span class='ocrx_word' id='word_1_10' title='bbox 1752 492 1877 549; x_wconf 87' lang='lat' dir='ltr'>aut</span> <span class='ocrx_word' id='word_1_11' title='bbox 1901 476 1980 551; x_wconf 89' lang='lat' dir='ltr'>in</span> <span class='ocrx_word' id='word_1_12' title='bbox 2007 505 2124 564; x_wconf 57' lang='lat' dir='ltr'>ex2</span> 
     </span>
     <span class='ocr_line' id='line_1_3' title="bbox 188 581 2122 680; baseline 0.002 -23"><span class='ocrx_word' id='word_1_13' title='bbox 188 587 613 672; x_wconf 83' lang='lat' dir='ltr'>ercitatione</span> <span class='ocrx_word' id='word_1_14' title='bbox 650 581 893 675; x_wconf 72' lang='lat' dir='ltr'>aliqua</span> <span class='ocrx_word' id='word_1_15' title='bbox 927 581 1287 654; x_wconf 86' lang='lat' dir='ltr'>laborasse.</span> <span class='ocrx_word' id='word_1_16' title='bbox 1308 583 1584 657; x_wconf 90' lang='lat' dir='ltr'>Dubio</span> <span class='ocrx_word' id='word_1_17' title='bbox 1629 602 1700 656; x_wconf 88' lang='lat' dir='ltr'>et</span> <span class='ocrx_word' id='word_1_18' title='bbox 1733 583 2122 680; x_wconf 67' lang='lat' dir='ltr'>incipiente</span> 
     </span>
     <span class='ocr_line' id='line_1_4' title="bbox 188 687 2124 786; baseline 0.002 -20"><span class='ocrx_word' id='word_1_19' title='bbox 188 695 492 782; x_wconf 87' lang='lat' dir='ltr'>morbo,</span> <span class='ocrx_word' id='word_1_20' title='bbox 513 692 882 786; x_wconf 81' lang='lat' dir='ltr'>quaeritur</span> <span class='ocrx_word' id='word_1_21' title='bbox 907 687 1217 780; x_wconf 82' lang='lat' dir='ltr'>nomen3</span> <span class='ocrx_word' id='word_1_22' title='bbox 1242 693 1375 786; x_wconf 87' lang='lat' dir='ltr'>qui</span> <span class='ocrx_word' id='word_1_23' title='bbox 1390 692 1523 764; x_wconf 91' lang='lat' dir='ltr'>ubi</span> <span class='ocrx_word' id='word_1_24' title='bbox 1544 692 1685 766; x_wconf 88' lang='lat' dir='ltr'>iam</span> <span class='ocrx_word' id='word_1_25' title='bbox 1714 694 1948 782; x_wconf 77' lang='lat' dir='ltr'>talaria</span> <span class='ocrx_word' id='word_1_26' title='bbox 1972 721 2124 768; x_wconf 90' lang='lat' dir='ltr'>coe·</span> 
     </span>
     <span class='ocr_line' id='line_1_5' title="bbox 190 801 2122 900; baseline 0.002 -24"><span class='ocrx_word' id='word_1_27' title='bbox 190 805 309 900; x_wconf 86' lang='lat' dir='ltr'>pit</span> <span class='ocrx_word' id='word_1_28' title='bbox 358 805 768 890; x_wconf 85' lang='lat' dir='ltr'>intendere,</span> <span class='ocrx_word' id='word_1_29' title='bbox 810 817 891 874; x_wconf 88' lang='lat' dir='ltr'>et</span> <span class='ocrx_word' id='word_1_30' title='bbox 926 819 1271 896; x_wconf 83' lang='lat' dir='ltr'>utrosque</span> <span class='ocrx_word' id='word_1_31' title='bbox 1319 802 1540 898; x_wconf 85' lang='lat' dir='ltr'>pedes</span> <span class='ocrx_word' id='word_1_32' title='bbox 1577 801 1746 876; x_wconf 90' lang='lat' dir='ltr'>fecit</span> <span class='ocrx_word' id='word_1_33' title='bbox 1795 804 2122 896; x_wconf 80' lang='lat' dir='ltr'>dextros,</span> 
     </span>
     <span class='ocr_line' id='line_1_6' title="bbox 189 911 2120 1008; baseline 0.002 -21"><span class='ocrx_word' id='word_1_34' title='bbox 189 931 479 987; x_wconf 79' lang='lat' dir='ltr'>necesse</span> <span class='ocrx_word' id='word_1_35' title='bbox 505 928 607 983; x_wconf 88' lang='lat' dir='ltr'>est</span> <span class='ocrx_word' id='word_1_36' title='bbox 634 911 1025 1008; x_wconf 82' lang='lat' dir='ltr'>podagram</span> <span class='ocrx_word' id='word_1_37' title='bbox 1058 911 1290 986; x_wconf 78' lang='lat' dir='ltr'>fateri.-</span> <span class='ocrx_word' id='word_1_38' title='bbox 1336 913 1602 986; x_wconf 83' lang='lat' dir='ltr'>Contra</span> <span class='ocrx_word' id='word_1_39' title='bbox 1645 914 1886 985; x_wconf 83' lang='lat' dir='ltr'>evenit</span> <span class='ocrx_word' id='word_1_40' title='bbox 1925 915 2002 987; x_wconf 89' lang='lat' dir='ltr'>in</span> <span class='ocrx_word' id='word_1_41' title='bbox 2038 917 2120 991; x_wconf 80' lang='lat' dir='ltr'>iis</span> 
     </span>
     <span class='ocr_line' id='line_1_7' title="bbox 192 1019 2118 1119; baseline 0.002 -26"><span class='ocrx_word' id='word_1_42' title='bbox 192 1021 501 1110; x_wconf 86' lang='lat' dir='ltr'>morbis,</span> <span class='ocrx_word' id='word_1_43' title='bbox 528 1019 795 1115; x_wconf 86' lang='lat' dir='ltr'>quibus</span> <span class='ocrx_word' id='word_1_44' title='bbox 817 1019 1252 1095; x_wconf 82' lang='lat' dir='ltr'>adficiuntur</span> <span class='ocrx_word' id='word_1_45' title='bbox 1267 1023 1528 1102; x_wconf 82' lang='lat' dir='ltr'>animi;</span> <span class='ocrx_word' id='word_1_46' title='bbox 1553 1047 1706 1115; x_wconf 84' lang='lat' dir='ltr'>quo</span> <span class='ocrx_word' id='word_1_47' title='bbox 1731 1023 1889 1116; x_wconf 87' lang='lat' dir='ltr'>quis</span> <span class='ocrx_word' id='word_1_48' title='bbox 1914 1025 2118 1119; x_wconf 87' lang='lat' dir='ltr'>peius</span> 
     </span>
     <span class='ocr_line' id='line_1_8' title="bbox 188 1129 2115 1224; baseline 0.001 -18"><span class='ocrx_word' id='word_1_49' title='bbox 188 1159 267 1206; x_wconf 85' lang='lat' dir='ltr'>se</span> <span class='ocrx_word' id='word_1_50' title='bbox 308 1135 571 1220; x_wconf 86' lang='lat' dir='ltr'>habet,</span> <span class='ocrx_word' id='word_1_51' title='bbox 620 1131 859 1204; x_wconf 87' lang='lat' dir='ltr'>minus</span> <span class='ocrx_word' id='word_1_52' title='bbox 900 1133 1133 1207; x_wconf 72' lang='lat' dir='ltr'>sentit.</span> <span class='ocrx_word' id='word_1_53' title='bbox 1180 1129 1498 1204; x_wconf 69' lang='lat' dir='ltr'>Non-est</span> <span class='ocrx_word' id='word_1_54' title='bbox 1543 1132 1752 1224; x_wconf 89' lang='lat' dir='ltr'>quod</span> <span class='ocrx_word' id='word_1_55' title='bbox 1805 1135 2115 1224; x_wconf 82' lang='lat' dir='ltr'>mireris,</span> 
     </span>
     <span class='ocr_line' id='line_1_9' title="bbox 192 1239 2117 1339; baseline 0.001 -25"><span class='ocrx_word' id='word_1_56' title='bbox 192 1242 430 1314; x_wconf 86' lang='lat' dir='ltr'>Lucili</span> <span class='ocrx_word' id='word_1_57' title='bbox 458 1242 822 1314; x_wconf 81' lang='lat' dir='ltr'><strong>carissime.</strong></span> <span class='ocrx_word' id='word_1_58' title='bbox 868 1243 1057 1338; x_wconf 79' lang='lat' dir='ltr'>Nam</span> <span class='ocrx_word' id='word_1_59' title='bbox 1086 1241 1215 1334; x_wconf 90' lang='lat' dir='ltr'>qui</span> <span class='ocrx_word' id='word_1_60' title='bbox 1239 1242 1490 1314; x_wconf 85' lang='lat' dir='ltr'>leviter</span> <span class='ocrx_word' id='word_1_61' title='bbox 1517 1239 1787 1312; x_wconf 83' lang='lat' dir='ltr'>dormit</span> <span class='ocrx_word' id='word_1_62' title='bbox 1807 1292 1832 1330; x_wconf 91' lang='lat'>,</span> <span class='ocrx_word' id='word_1_63' title='bbox 1863 1253 1937 1312; x_wconf 88' lang='lat' dir='ltr'>‘et</span> <span class='ocrx_word' id='word_1_64' title='bbox 1959 1267 2117 1339; x_wconf 87' lang='lat' dir='ltr'>spe·</span> 
     </span>
    </p>
   </div>
   <div class='ocr_carea' id='block_1_3' title="bbox 68 1351 2256 1558">
    <p class='ocr_par' dir='ltr' id='par_1_3' title="bbox 68 1351 2256 1558">
     <span class='ocr_line' id='line_1_10' title="bbox 68 1351 2120 1447; baseline 0 -21"><span class='ocrx_word' id='word_1_65' title='bbox 68 1355 77 1360; x_wconf 79' lang='grc'><strong>’</strong></span> <span class='ocrx_word' id='word_1_66' title='bbox 188 1355 333 1426; x_wconf 88' lang='lat' dir='ltr'>cies</span> <span class='ocrx_word' id='word_1_67' title='bbox 368 1351 769 1447; x_wconf 84' lang='lat' dir='ltr'>secundum</span> <span class='ocrx_word' id='word_1_68' title='bbox 799 1352 1122 1445; x_wconf 85' lang='lat' dir='ltr'>quietem</span> <span class='ocrx_word' id='word_1_69' title='bbox 1150 1351 1379 1446; x_wconf 80' lang='lat' dir='ltr'>capit,</span> <span class='ocrx_word' id='word_1_70' title='bbox 1423 1351 1816 1444; x_wconf 82' lang='lat' dir='ltr'>aliquando</span> <span class='ocrx_word' id='word_1_71' title='bbox 1847 1353 2120 1446; x_wconf 75' lang='lat' dir='ltr'>dormi·</span> 
     </span>
     <span class='ocr_line' id='line_1_11' title="bbox 192 1455 2256 1558; baseline -0.002 -23"><span class='ocrx_word' id='word_1_72' title='bbox 192 1487 273 1535; x_wconf 80' lang='lat' dir='ltr'>re</span> <span class='ocrx_word' id='word_1_73' title='bbox 292 1486 369 1532; x_wconf 89' lang='lat' dir='ltr'>se</span> <span class='ocrx_word' id='word_1_74' title='bbox 390 1461 752 1538; x_wconf 85' lang='lat' dir='ltr'>dormiens</span> <span class='ocrx_word' id='word_1_75' title='bbox 777 1462 1079 1558; x_wconf 83' lang='lat' dir='ltr'>cogitat:</span> <span class='ocrx_word' id='word_1_76' title='bbox 1110 1463 1331 1558; x_wconf 80' lang='lat' dir='ltr'>gravis</span> <span class='ocrx_word' id='word_1_77' title='bbox 1356 1483 1575 1552; x_wconf 81' lang='lat' dir='ltr'>sopor</span> <span class='ocrx_word' id='word_1_78' title='bbox 1601 1460 1814 1533; x_wconf 87' lang='lat' dir='ltr'>etiam</span> <span class='ocrx_word' id='word_1_79' title='bbox 1838 1463 2130 1558; x_wconf 81' lang='lat' dir='ltr'>somnia.</span> <span class='ocrx_word' id='word_1_80' title='bbox 2248 1455 2256 1460; x_wconf 37' lang='lat'>⁸</span> 
     </span>
    </p>
   </div>
   <div class='ocr_carea' id='block_1_4' title="bbox 142 1567 2121 2229">
    <p class='ocr_par' dir='ltr' id='par_1_4' title="bbox 142 1567 2121 2229">
     <span class='ocr_line' id='line_1_12' title="bbox 142 1567 2120 1666; baseline 0.003 -23"><span class='ocrx_word' id='word_1_81' title='bbox 142 1577 147 1586; x_wconf 91' lang='lat'>&#39;</span> <span class='ocrx_word' id='word_1_82' title='bbox 190 1568 625 1666; x_wconf 77' lang='lat' dir='ltr'>exstinguit,</span> <span class='ocrx_word' id='word_1_83' title='bbox 672 1568 1150 1662; x_wconf 86' lang='lat' dir='ltr'>animumque</span> <span class='ocrx_word' id='word_1_84' title='bbox 1190 1567 1397 1642; x_wconf 85' lang='lat' dir='ltr'>altius</span> <span class='ocrx_word' id='word_1_85' title='bbox 1435 1573 1732 1665; x_wconf 84' lang='lat' dir='ltr'>mergit,</span> <span class='ocrx_word' id='word_1_86' title='bbox 1781 1597 2004 1666; x_wconf 85' lang='lat' dir='ltr'>quam</span> <span class='ocrx_word' id='word_1_87' title='bbox 2037 1592 2120 1648; x_wconf 89' lang='lat' dir='ltr'>ut</span> 
     </span>
     <span class='ocr_line' id='line_1_13' title="bbox 188 1680 2118 1786; baseline 0.003 -32"><span class='ocrx_word' id='word_1_88' title='bbox 188 1680 304 1754; x_wconf 81' lang='lat' dir='ltr'>uti</span> <span class='ocrx_word' id='word_1_89' title='bbox 355 1682 513 1752; x_wconf 88' lang='lat' dir='ltr'>ullo</span> <span class='ocrx_word' id='word_1_90' title='bbox 558 1681 927 1766; x_wconf 79' lang='lat' dir='ltr'>intellectu</span> <span class='ocrx_word' id='word_1_91' title='bbox 970 1680 1165 1753; x_wconf 85' lang='lat' dir='ltr'>sinat.</span> <span class='ocrx_word' id='word_1_92' title='bbox 1222 1682 1466 1786; x_wconf 79' lang='lat' dir='ltr'>Quare</span> <span class='ocrx_word' id='word_1_93' title='bbox 1511 1682 1680 1752; x_wconf 86' lang='lat' dir='ltr'>vitia</span> <span class='ocrx_word' id='word_1_94' title='bbox 1726 1707 1848 1754; x_wconf 83' lang='lat' dir='ltr'>sua</span> <span class='ocrx_word' id='word_1_95' title='bbox 1895 1706 2118 1760; x_wconf 85' lang='lat' dir='ltr'>nemo</span> 
     </span>
     <span class='ocr_line' id='line_1_14' title="bbox 186 1790 2118 1894; baseline 0.002 -32"><span class='ocrx_word' id='word_1_96' title='bbox 186 1791 631 1862; x_wconf 77' lang='lat' dir='ltr'>confitetur?</span> <span class='ocrx_word' id='word_1_97' title='bbox 652 1791 842 1894; x_wconf 78' lang='lat' dir='ltr'>Quia</span> <span class='ocrx_word' id='word_1_98' title='bbox 864 1790 1075 1862; x_wconf 82' lang='lat' dir='ltr'>etiam</span> <span class='ocrx_word' id='word_1_99' title='bbox 1096 1815 1293 1864; x_wconf 86' lang='lat' dir='ltr'>nunc</span> <span class='ocrx_word' id='word_1_100' title='bbox 1316 1792 1546 1864; x_wconf 87' lang='lat' dir='ltr'>inillis</span> <span class='ocrx_word' id='word_1_101' title='bbox 1565 1808 1666 1863; x_wconf 89' lang='lat' dir='ltr'>est</span> <span class='ocrx_word' id='word_1_102' title='bbox 1687 1795 1702 1862; x_wconf 72' lang='grc' dir='ltr'><strong>Ξ</strong></span> <span class='ocrx_word' id='word_1_103' title='bbox 1729 1791 2118 1878; x_wconf 79' lang='lat' dir='ltr'>Somnium</span> 
     </span>
     <span class='ocr_line' id='line_1_15' title="bbox 186 1897 2120 1996; baseline 0.002 -26"><span class='ocrx_word' id='word_1_104' title='bbox 186 1897 897 1996; x_wconf 63' lang='lat' dir='ltr'>narraresvigilantis</span> <span class='ocrx_word' id='word_1_105' title='bbox 930 1917 1068 1986; x_wconf 81' lang='lat' dir='ltr'>est3</span> <span class='ocrx_word' id='word_1_106' title='bbox 1114 1915 1186 1972; x_wconf 93' lang='lat' dir='ltr'>et</span> <span class='ocrx_word' id='word_1_107' title='bbox 1226 1899 1389 1973; x_wconf 86' lang='lat' dir='ltr'>vitia</span> <span class='ocrx_word' id='word_1_108' title='bbox 1427 1925 1552 1971; x_wconf 86' lang='lat' dir='ltr'>sua</span> <span class='ocrx_word' id='word_1_109' title='bbox 1593 1899 1927 1974; x_wconf 78' lang='lat' dir='ltr'>&#39;confiteri</span> <span class='ocrx_word' id='word_1_110' title='bbox 1950 1951 1972 1988; x_wconf 94' lang='lat'>,</span> <span class='ocrx_word' id='word_1_111' title='bbox 2013 1925 2120 1974; x_wconf 84' lang='lat' dir='ltr'>sa-</span> 
     </span>
     <span class='ocr_line' id='line_1_16' title="bbox 186 2007 2121 2112; baseline 0.001 -32"><span class='ocrx_word' id='word_1_112' title='bbox 186 2007 435 2084; x_wconf 74' lang='lat' dir='ltr'>nitatis</span> <span class='ocrx_word' id='word_1_113' title='bbox 466 2007 817 2081; x_wconf 81' lang='lat' dir='ltr'>indicium</span> <span class='ocrx_word' id='word_1_114' title='bbox 854 2031 976 2079; x_wconf 87' lang='lat' dir='ltr'>est.</span> <span class='ocrx_word' id='word_1_115' title='bbox 1026 2008 1607 2112; x_wconf 63' lang='lat' dir='ltr'>Expergiscamur</span> <span class='ocrx_word' id='word_1_116' title='bbox 1644 2034 1812 2107; x_wconf 86' lang='lat' dir='ltr'>ergo</span> <span class='ocrx_word' id='word_1_117' title='bbox 1831 2061 1854 2098; x_wconf 90' lang='lat'>,</span> <span class='ocrx_word' id='word_1_118' title='bbox 1903 2027 1985 2080; x_wconf 88' lang='lat' dir='ltr'>ut</span> <span class='ocrx_word' id='word_1_119' title='bbox 2012 2034 2121 2082; x_wconf 81' lang='lat' dir='ltr'>er-</span> 
     </span>
     <span class='ocr_line' id='line_1_17' title="bbox 191 2119 2120 2229; baseline -0.002 -38"><span class='ocrx_word' id='word_1_120' title='bbox 191 2141 389 2191; x_wconf 74' lang='lat' dir='ltr'>rores</span> <span class='ocrx_word' id='word_1_121' title='bbox 448 2133 727 2194; x_wconf 78' lang='lat' dir='ltr'>nostros</span> <span class='ocrx_word' id='word_1_122' title='bbox 784 2139 1165 2216; x_wconf 85' lang='lat' dir='ltr'>coarguere</span> <span class='ocrx_word' id='word_1_123' title='bbox 1216 2119 1610 2212; x_wconf 83' lang='lat' dir='ltr'>possimus:</span> <span class='ocrx_word' id='word_1_124' title='bbox 1683 2120 1828 2190; x_wconf 89' lang='lat' dir='ltr'>sola</span> <span class='ocrx_word' id='word_1_125' title='bbox 1873 2132 2120 2229; x_wconf 59' lang='lat' dir='ltr'>autent</span> 
     </span>
    </p>
   </div>
   <div class='ocr_carea' id='block_1_5' title="bbox 192 2229 2224 2324">
    <p class='ocr_par' dir='ltr' id='par_1_5' title="bbox 192 2229 2224 2324">
     <span class='ocr_line' id='line_1_18' title="bbox 192 2229 2224 2324; baseline 0 -21"><span class='ocrx_word' id='word_1_126' title='bbox 192 2255 333 2304; x_wconf 84' lang='lat' dir='ltr'>nos</span> <span class='ocrx_word' id='word_1_127' title='bbox 360 2229 825 2324; x_wconf 73' lang='lat' dir='ltr'>Philosophia</span> <span class='ocrx_word' id='word_1_128' title='bbox 852 2231 1191 2304; x_wconf 84' lang='lat' dir='ltr'>excitabit</span> <span class='ocrx_word' id='word_1_129' title='bbox 1208 2281 1233 2317; x_wconf 90' lang='lat'>,</span> <span class='ocrx_word' id='word_1_130' title='bbox 1264 2232 1416 2304; x_wconf 79' lang='lat' dir='ltr'>sola</span> <span class='ocrx_word' id='word_1_131' title='bbox 1433 2252 1774 2303; x_wconf 80' lang='lat' dir='ltr'>somnum</span> <span class='ocrx_word' id='word_1_132' title='bbox 1801 2229 2146 2322; x_wconf 72' lang='lat' dir='ltr'>excutiet·</span> <span class='ocrx_word' id='word_1_133' title='bbox 2219 2313 2224 2318; x_wconf 44' lang='grc'><strong>,</strong></span> 
     </span>
    </p>
   </div>
   <div class='ocr_carea' id='block_1_6' title="bbox 189 2338 2178 3857">
    <p class='ocr_par' dir='ltr' id='par_1_6' title="bbox 189 2338 2178 3529">
     <span class='ocr_line' id='line_1_19' title="bbox 190 2338 2120 2521; baseline -0.001 -109"><span class='ocrx_word' id='word_1_134' title='bbox 190 2365 503 2442; x_wconf 85' lang='lat' dir='ltr'>gravem.</span> <span class='ocrx_word' id='word_1_135' title='bbox 534 2339 647 2414; x_wconf 86' lang='lat' dir='ltr'>lui</span> <span class='ocrx_word' id='word_1_136' title='bbox 672 2355 757 2521; x_wconf 54' lang='lat' dir='ltr'>fe</span> <span class='ocrx_word' id='word_1_137' title='bbox 787 2355 1028 2412; x_wconf 82' lang='lat' dir='ltr'>totum</span> <span class='ocrx_word' id='word_1_138' title='bbox 1072 2338 1356 2415; x_wconf 87' lang='lat' dir='ltr'>dedica!</span> <span class='ocrx_word' id='word_1_139' title='bbox 1396 2339 1655 2438; x_wconf 84' lang='lat' dir='ltr'>dignus</span> <span class='ocrx_word' id='word_1_140' title='bbox 1692 2339 1812 2420; x_wconf 86' lang='lat' dir='ltr'>illa</span> <span class='ocrx_word' id='word_1_141' title='bbox 1843 2363 1952 2427; x_wconf 82' lang='lat' dir='ltr'>es;</span> <span class='ocrx_word' id='word_1_142' title='bbox 2000 2338 2120 2445; x_wconf 78' lang='lat' dir='ltr'>illa</span> 
     </span>
     <span class='ocr_line' id='line_1_20' title="bbox 191 2450 2118 2550; baseline -0.002 -26"><span class='ocrx_word' id='word_1_143' title='bbox 191 2453 411 2550; x_wconf 85' lang='lat' dir='ltr'>digna</span> <span class='ocrx_word' id='word_1_144' title='bbox 438 2469 511 2523; x_wconf 90' lang='lat' dir='ltr'>te</span> <span class='ocrx_word' id='word_1_145' title='bbox 532 2466 649 2522; x_wconf 86' lang='lat' dir='ltr'>est.</span> <span class='ocrx_word' id='word_1_146' title='bbox 707 2467 778 2521; x_wconf 88' lang='lat' dir='ltr'>te</span> <span class='ocrx_word' id='word_1_147' title='bbox 804 2450 877 2521; x_wconf 90' lang='lat' dir='ltr'>in</span> <span class='ocrx_word' id='word_1_148' title='bbox 907 2455 1373 2545; x_wconf 84' lang='lat' dir='ltr'>complexum</span> <span class='ocrx_word' id='word_1_149' title='bbox 1396 2452 1575 2523; x_wconf 80' lang='lat' dir='ltr'>alter</span> <span class='ocrx_word' id='word_1_150' title='bbox 1605 2451 1928 2537; x_wconf 81' lang='lat' dir='ltr'>alterius3</span> <span class='ocrx_word' id='word_1_151' title='bbox 1955 2475 2118 2521; x_wconf 85' lang='lat' dir='ltr'>om·-</span> 
     </span>
     <span class='ocr_line' id='line_1_21' title="bbox 189 2558 2117 2659; baseline 0 -26"><span class='ocrx_word' id='word_1_152' title='bbox 189 2561 412 2633; x_wconf 84' lang='lat' dir='ltr'>nibus</span> <span class='ocrx_word' id='word_1_153' title='bbox 444 2560 593 2637; x_wconf 79' lang='lat' dir='ltr'>aliis</span> <span class='ocrx_word' id='word_1_154' title='bbox 620 2561 830 2633; x_wconf 79' lang='lat' dir='ltr'>rebus</span> <span class='ocrx_word' id='word_1_155' title='bbox 866 2579 941 2633; x_wconf 91' lang='lat' dir='ltr'>te</span> <span class='ocrx_word' id='word_1_156' title='bbox 980 2584 1199 2659; x_wconf 83' lang='lat' dir='ltr'>nega,</span> <span class='ocrx_word' id='word_1_157' title='bbox 1240 2559 1520 2633; x_wconf 86' lang='lat' dir='ltr'>fortiter</span> <span class='ocrx_word' id='word_1_158' title='bbox 1538 2611 1565 2649; x_wconf 90' lang='lat'><strong>‚</strong></span> <span class='ocrx_word' id='word_1_159' title='bbox 1603 2574 1848 2655; x_wconf 85' lang='lat' dir='ltr'>aperte</span> <span class='ocrx_word' id='word_1_160' title='bbox 1879 2558 1895 2628; x_wconf 90' lang='lat'>!</span> <span class='ocrx_word' id='word_1_161' title='bbox 1943 2559 2117 2633; x_wconf 78' lang='lat' dir='ltr'>Non</span> 
     </span>
     <span class='ocr_line' id='line_1_22' title="bbox 192 2652 2121 2767; baseline -0.002 -23"><span class='ocrx_word' id='word_1_162' title='bbox 192 2660 301 2745; x_wconf 80' lang='lat' dir='ltr'>est</span> <span class='ocrx_word' id='word_1_163' title='bbox 340 2670 552 2765; x_wconf 89' lang='lat' dir='ltr'>quod</span> <span class='ocrx_word' id='word_1_164' title='bbox 592 2669 907 2765; x_wconf 83' lang='lat' dir='ltr'>precario</span> <span class='ocrx_word' id='word_1_165' title='bbox 948 2652 1488 2764; x_wconf 64' lang='lat' dir='ltr'>philosopheris.</span> <span class='ocrx_word' id='word_1_166' title='bbox 1536 2667 1608 2741; x_wconf 92' lang='lat' dir='ltr'>Si</span> <span class='ocrx_word' id='word_1_167' title='bbox 1652 2693 1856 2767; x_wconf 85' lang='lat' dir='ltr'>aeger</span> <span class='ocrx_word' id='word_1_168' title='bbox 1901 2692 2072 2741; x_wconf 88' lang='lat' dir='ltr'>esses</span> <span class='ocrx_word' id='word_1_169' title='bbox 2089 2716 2121 2761; x_wconf 63' lang='lat'><em>5</em></span> 
     </span>
     <span class='ocr_line' id='line_1_23' title="bbox 197 2776 2120 2865; baseline -0.001 -12"><span class='ocrx_word' id='word_1_170' title='bbox 197 2804 441 2853; x_wconf 84' lang='lat' dir='ltr'>curam</span> <span class='ocrx_word' id='word_1_171' title='bbox 468 2779 940 2853; x_wconf 70' lang='lat' dir='ltr'>intermisisses</span> <span class='ocrx_word' id='word_1_172' title='bbox 967 2780 1062 2851; x_wconf 88' lang='lat' dir='ltr'>rei</span> <span class='ocrx_word' id='word_1_173' title='bbox 1104 2778 1454 2851; x_wconf 83' lang='lat' dir='ltr'>familiaris</span> <span class='ocrx_word' id='word_1_174' title='bbox 1477 2827 1500 2865; x_wconf 90' lang='lat'><strong>‚</strong></span> <span class='ocrx_word' id='word_1_175' title='bbox 1532 2794 1608 2849; x_wconf 87' lang='lat' dir='ltr'>et</span> <span class='ocrx_word' id='word_1_176' title='bbox 1645 2776 1951 2853; x_wconf 85' lang='lat' dir='ltr'>forensia</span> <span class='ocrx_word' id='word_1_177' title='bbox 1983 2778 2120 2863; x_wconf 72' lang='lat' dir='ltr'>tibi</span> 
     </span>
     <span class='ocr_line' id='line_1_24' title="bbox 196 2878 2120 2987; baseline 0.001 -29"><span class='ocrx_word' id='word_1_178' title='bbox 196 2888 483 2987; x_wconf 87' lang='lat' dir='ltr'>negotia</span> <span class='ocrx_word' id='word_1_179' title='bbox 529 2886 992 2975; x_wconf 79' lang='lat' dir='ltr'>excidissent,</span> <span class='ocrx_word' id='word_1_180' title='bbox 1042 2909 1175 2963; x_wconf 82' lang='lat' dir='ltr'>nec</span> <span class='ocrx_word' id='word_1_181' title='bbox 1216 2909 1668 2987; x_wconf 84' lang='lat' dir='ltr'>quemquam</span> <span class='ocrx_word' id='word_1_182' title='bbox 1704 2888 1882 2957; x_wconf 85' lang='lat' dir='ltr'>tanti</span> <span class='ocrx_word' id='word_1_183' title='bbox 1911 2878 2120 2981; x_wconf 79' lang='lat' dir='ltr'>puta-</span> 
     </span>
     <span class='ocr_line' id='line_1_25' title="bbox 194 2993 2122 3082; baseline -0.001 -15"><span class='ocrx_word' id='word_1_184' title='bbox 194 3019 335 3082; x_wconf 81' lang='lat' dir='ltr'>res,</span> <span class='ocrx_word' id='word_1_185' title='bbox 374 2993 495 3067; x_wconf 89' lang='lat' dir='ltr'>cui</span> <span class='ocrx_word' id='word_1_186' title='bbox 518 2994 903 3068; x_wconf 82' lang='lat' dir='ltr'>advocatus</span> <span class='ocrx_word' id='word_1_187' title='bbox 928 2996 1007 3067; x_wconf 87' lang='lat' dir='ltr'>in</span> <span class='ocrx_word' id='word_1_188' title='bbox 1028 2995 1440 3067; x_wconf 83' lang='lat' dir='ltr'>remissione</span> <span class='ocrx_word' id='word_1_189' title='bbox 1475 2993 1932 3067; x_wconf 87' lang='lat' dir='ltr'>descenderes</span> <span class='ocrx_word' id='word_1_190' title='bbox 1944 3021 1968 3081; x_wconf 82' lang='lat'>3</span> <span class='ocrx_word' id='word_1_191' title='bbox 2004 3014 2122 3066; x_wconf 90' lang='lat' dir='ltr'>to-</span> 
     </span>
     <span class='ocr_line' id='line_1_26' title="bbox 192 3092 2118 3203; baseline -0.001 -24"><span class='ocrx_word' id='word_1_192' title='bbox 192 3123 277 3179; x_wconf 83' lang='lat' dir='ltr'>to</span> <span class='ocrx_word' id='word_1_193' title='bbox 300 3106 550 3200; x_wconf 82' lang='lat' dir='ltr'>animo</span> <span class='ocrx_word' id='word_1_194' title='bbox 569 3104 645 3175; x_wconf 83' lang='lat' dir='ltr'>id</span> <span class='ocrx_word' id='word_1_195' title='bbox 660 3092 935 3203; x_wconf 63' lang='lat' dir='ltr'>ageres»,</span> <span class='ocrx_word' id='word_1_196' title='bbox 958 3124 1043 3179; x_wconf 86' lang='lat' dir='ltr'>ut</span> <span class='ocrx_word' id='word_1_197' title='bbox 1064 3130 1283 3199; x_wconf 76' lang='lat' dir='ltr'>quam</span> <span class='ocrx_word' id='word_1_198' title='bbox 1308 3106 1623 3199; x_wconf 83' lang='lat' dir='ltr'>primum</span> <span class='ocrx_word' id='word_1_199' title='bbox 1657 3105 1918 3175; x_wconf 85' lang='lat' dir='ltr'>morbo</span> <span class='ocrx_word' id='word_1_200' title='bbox 1941 3106 2118 3177; x_wconf 75' lang='lat' dir='ltr'>libe-</span> 
     </span>
     <span class='ocr_line' id='line_1_27' title="bbox 194 3200 2178 3316; baseline 0.002 -32"><span class='ocrx_word' id='word_1_201' title='bbox 194 3214 457 3292; x_wconf 70' lang='lat' dir='ltr'>rareris,</span> <span class='ocrx_word' id='word_1_202' title='bbox 484 3210 694 3316; x_wconf 77' lang='lat' dir='ltr'>Quid</span> <span class='ocrx_word' id='word_1_203' title='bbox 706 3216 919 3313; x_wconf 81' lang='lat' dir='ltr'>ergo?</span> <span class='ocrx_word' id='word_1_204' title='bbox 938 3205 1089 3311; x_wconf 74' lang='lat' dir='ltr'>non</span> <span class='ocrx_word' id='word_1_205' title='bbox 1120 3232 1192 3285; x_wconf 88' lang='lat' dir='ltr'>et</span> <span class='ocrx_word' id='word_1_206' title='bbox 1210 3238 1408 3286; x_wconf 89' lang='lat' dir='ltr'>nunc</span> <span class='ocrx_word' id='word_1_207' title='bbox 1429 3212 1624 3295; x_wconf 84' lang='lat' dir='ltr'>idem</span> <span class='ocrx_word' id='word_1_208' title='bbox 1643 3212 1850 3283; x_wconf 86' lang='lat' dir='ltr'>facies</span> <span class='ocrx_word' id='word_1_209' title='bbox 1876 3214 1908 3283; x_wconf 70' lang='grc' dir='ltr'><strong><em>ἓ</em></strong></span> <span class='ocrx_word' id='word_1_210' title='bbox 1933 3200 2120 3288; x_wconf 75' lang='lat' dir='ltr'>Orn-</span> <span class='ocrx_word' id='word_1_211' title='bbox 2171 3280 2178 3287; x_wconf 83' lang='lat'><strong>.</strong></span> 
     </span>
     <span class='ocr_line' id='line_1_28' title="bbox 194 3320 2116 3417; baseline 0.004 -26"><span class='ocrx_word' id='word_1_212' title='bbox 194 3323 319 3399; x_wconf 82' lang='lat' dir='ltr'>nia</span> <span class='ocrx_word' id='word_1_213' title='bbox 366 3320 865 3417; x_wconf 85' lang='lat' dir='ltr'>inpedimenta</span> <span class='ocrx_word' id='word_1_214' title='bbox 902 3324 1235 3414; x_wconf 84' lang='lat' dir='ltr'>dimitte„</span> <span class='ocrx_word' id='word_1_215' title='bbox 1283 3343 1356 3397; x_wconf 92' lang='lat' dir='ltr'>et</span> <span class='ocrx_word' id='word_1_216' title='bbox 1382 3350 1548 3397; x_wconf 87' lang='lat' dir='ltr'>vaca</span> <span class='ocrx_word' id='word_1_217' title='bbox 1579 3325 1816 3399; x_wconf 84' lang='lat' dir='ltr'>bonae</span> <span class='ocrx_word' id='word_1_218' title='bbox 1846 3325 2116 3415; x_wconf 73' lang='lat' dir='ltr'>menti3</span> 
     </span>
     <span class='ocr_line' id='line_1_29' title="bbox 193 3422 2080 3529; baseline 0.001 -26"><span class='ocrx_word' id='word_1_219' title='bbox 193 3455 418 3523; x_wconf 80' lang='lat' dir='ltr'>nemo</span> <span class='ocrx_word' id='word_1_220' title='bbox 452 3430 543 3505; x_wconf 87' lang='lat' dir='ltr'>ad</span> <span class='ocrx_word' id='word_1_221' title='bbox 566 3433 759 3503; x_wconf 86' lang='lat' dir='ltr'>illam</span> <span class='ocrx_word' id='word_1_222' title='bbox 786 3439 1112 3528; x_wconf 86' lang='lat' dir='ltr'>pervenit</span> <span class='ocrx_word' id='word_1_223' title='bbox 1143 3452 1546 3529; x_wconf 86' lang='lat' dir='ltr'>occupatus.</span> <span class='ocrx_word' id='word_1_224' title='bbox 2073 3422 2080 3429; x_wconf 61' lang='grc'><strong><em>’</em></strong></span> 
     </span>
    </p>

    <p class='ocr_par' dir='ltr' id='par_1_7' title="bbox 193 3540 2120 3857">
     <span class='ocr_line' id='line_1_30' title="bbox 234 3540 2120 3643; baseline 0.001 -30"><span class='ocrx_word' id='word_1_225' title='bbox 234 3616 242 3623; x_wconf 68' lang='grc'>,</span> <span class='ocrx_word' id='word_1_226' title='bbox 292 3540 593 3621; x_wconf 81' lang='lat' dir='ltr'>Exercet</span> <span class='ocrx_word' id='word_1_227' title='bbox 633 3541 1088 3637; x_wconf 85' lang='lat' dir='ltr'>Philosophia</span> <span class='ocrx_word' id='word_1_228' title='bbox 1133 3570 1436 3643; x_wconf 81' lang='lat' dir='ltr'>regnum</span> <span class='ocrx_word' id='word_1_229' title='bbox 1481 3570 1732 3631; x_wconf 86' lang='lat' dir='ltr'>suum3</span> <span class='ocrx_word' id='word_1_230' title='bbox 1769 3541 1890 3615; x_wconf 87' lang='lat' dir='ltr'>dat</span> <span class='ocrx_word' id='word_1_231' title='bbox 1931 3558 2120 3620; x_wconf 84' lang='lat' dir='ltr'>tem-</span> 
     </span>
     <span class='ocr_line' id='line_1_31' title="bbox 193 3652 2116 3749; baseline 0.003 -28"><span class='ocrx_word' id='word_1_232' title='bbox 193 3674 333 3747; x_wconf 86' lang='lat' dir='ltr'>pus</span> <span class='ocrx_word' id='word_1_233' title='bbox 354 3678 565 3737; x_wconf 74' lang='lat' dir='ltr'>,non</span> <span class='ocrx_word' id='word_1_234' title='bbox 602 3654 878 3749; x_wconf 85' lang='lat' dir='ltr'>accipit.</span> <span class='ocrx_word' id='word_1_235' title='bbox 904 3654 980 3727; x_wconf 90' lang='lat' dir='ltr'>N</span> <span class='ocrx_word' id='word_1_236' title='bbox 982 3676 1081 3724; x_wconf 85' lang='lat' dir='ltr'>on</span> <span class='ocrx_word' id='word_1_237' title='bbox 1110 3674 1213 3725; x_wconf 88' lang='lat' dir='ltr'>est</span> <span class='ocrx_word' id='word_1_238' title='bbox 1238 3678 1345 3725; x_wconf 85' lang='lat' dir='ltr'>res</span> <span class='ocrx_word' id='word_1_239' title='bbox 1377 3652 1782 3725; x_wconf 81' lang='lat' dir='ltr'>subseciva=</span> <span class='ocrx_word' id='word_1_240' title='bbox 1836 3653 2116 3743; x_wconf 60' lang='lat' dir='ltr'>ordina,-</span> 
     </span>
     <span class='ocr_line' id='line_1_32' title="bbox 194 3760 2116 3857; baseline 0 -20"><span class='ocrx_word' id='word_1_241' title='bbox 194 3766 303 3837; x_wconf 69' lang='grc' dir='ltr'>εἰει</span> <span class='ocrx_word' id='word_1_242' title='bbox 321 3775 429 3841; x_wconf 85' lang='lat' dir='ltr'>est</span> <span class='ocrx_word' id='word_1_243' title='bbox 439 3789 467 3855; x_wconf 80' lang='lat'>3</span> <span class='ocrx_word' id='word_1_244' title='bbox 488 3766 786 3839; x_wconf 85' lang='lat' dir='ltr'>domina</span> <span class='ocrx_word' id='word_1_245' title='bbox 808 3780 949 3857; x_wconf 63' lang='grc' dir='ltr'>θεῖς</span> <span class='ocrx_word' id='word_1_246' title='bbox 971 3764 1175 3837; x_wconf 83' lang='lat' dir='ltr'>adest.</span> <span class='ocrx_word' id='word_1_247' title='bbox 1197 3780 1271 3839; x_wconf 83' lang='lat' dir='ltr'>et</span> <span class='ocrx_word' id='word_1_248' title='bbox 1290 3763 1516 3837; x_wconf 83' lang='lat' dir='ltr'>iubet.</span> <span class='ocrx_word' id='word_1_249' title='bbox 1545 3760 1946 3839; x_wconf 79' lang='lat' dir='ltr'>Alexander</span> <span class='ocrx_word' id='word_1_250' title='bbox 1966 3765 2116 3837; x_wconf 86' lang='lat' dir='ltr'>cui-</span> 
     </span>
    </p>
   </div>
  </div>
 </body>
</html>
