<?xml version="1.0" encoding="UTF-8"?>
<!DOCTYPE html PUBLIC "-//W3C//DTD XHTML 1.0 Transitional//EN"
    "http://www.w3.org/TR/xhtml1/DTD/xhtml1-transitional.dtd">
<html xmlns="http://www.w3.org/1999/xhtml" xml:lang="en" lang="en">
 <head>
  <title>
</title>
<meta http-equiv="Content-Type" content="text/html;charset=utf-8" />
  <meta name='ocr-system' content='tesseract 3.04.00' />
  <meta name='ocr-capabilities' content='ocr_page ocr_carea ocr_par ocr_line ocrx_word'/>
</head>
<body>
  <div class='ocr_page' id='page_1' title='image "./lannaeisenecaea01bipogoog_0095.png"; bbox 0 0 2809 4850; ppageno 0'>
   <div class='ocr_carea' id='block_1_1' title="bbox 561 395 2147 510">
    <p class='ocr_par' dir='ltr' id='par_1_1' title="bbox 561 395 2147 510">
     <span class='ocr_line' id='line_1_1' title="bbox 561 395 2147 510; baseline 0.004 -31"><span class='ocrx_word' id='word_1_1' title='bbox 561 397 906 479; x_wconf 66' lang='lat' dir='ltr'>Ef&#39;Pts</span> <span class='ocrx_word' id='word_1_2' title='bbox 951 401 1026 476; x_wconf 89' lang='lat' dir='ltr'>T</span> <span class='ocrx_word' id='word_1_3' title='bbox 1072 399 1146 478; x_wconf 92' lang='lat' dir='ltr'>o</span> <span class='ocrx_word' id='word_1_4' title='bbox 1193 399 1258 477; x_wconf 84' lang='lat' dir='ltr'>L</span> <span class='ocrx_word' id='word_1_5' title='bbox 1305 403 1372 478; x_wconf 77' lang='lat' dir='ltr'><strong>A</strong></span> <span class='ocrx_word' id='word_1_6' title='bbox 1458 395 1791 480; x_wconf 72' lang='lat' dir='ltr'><strong>xxvt.</strong></span> <span class='ocrx_word' id='word_1_7' title='bbox 2049 401 2147 510; x_wconf 69' lang='grc' dir='ltr'>ες</span> 
     </span>
    </p>
   </div>
   <div class='ocr_carea' id='block_1_2' title="bbox 171 553 2155 1320">
    <p class='ocr_par' dir='ltr' id='par_1_2' title="bbox 171 553 2155 1320">
     <span class='ocr_line' id='line_1_2' title="bbox 171 553 2143 667; baseline 0.005 -27"><span class='ocrx_word' id='word_1_8' title='bbox 171 567 430 642; x_wconf 57' lang='grc' dir='ltr'>’τανύω</span> <span class='ocrx_word' id='word_1_9' title='bbox 459 561 894 650; x_wconf 72' lang='lat' dir='ltr'>Dissimilem</span> <span class='ocrx_word' id='word_1_10' title='bbox 923 553 1002 644; x_wconf 69' lang='lat' dir='ltr'>te</span> <span class='ocrx_word' id='word_1_11' title='bbox 1029 565 1180 641; x_wconf 80' lang='lat' dir='ltr'>lieri</span> <span class='ocrx_word' id='word_1_12' title='bbox 1205 569 1448 642; x_wconf 80' lang='lat' dir='ltr'>multis</span> <span class='ocrx_word' id='word_1_13' title='bbox 1474 583 1781 667; x_wconf 78' lang='lat' dir='ltr'>oportet.</span> <span class='ocrx_word' id='word_1_14' title='bbox 1815 571 2025 648; x_wconf 71' lang='lat' dir='ltr'>Dum</span> <span class='ocrx_word' id='word_1_15' title='bbox 2047 577 2143 648; x_wconf 81' lang='lat' dir='ltr'>ti-</span> 
     </span>
     <span class='ocr_line' id='line_1_3' title="bbox 177 671 2140 781; baseline 0.003 -33"><span class='ocrx_word' id='word_1_16' title='bbox 177 676 277 749; x_wconf 89' lang='lat' dir='ltr'>bi</span> <span class='ocrx_word' id='word_1_17' title='bbox 305 693 576 750; x_wconf 83' lang='lat' dir='ltr'>tutum</span> <span class='ocrx_word' id='word_1_18' title='bbox 613 671 704 750; x_wconf 82' lang='lat' dir='ltr'>sit</span> <span class='ocrx_word' id='word_1_19' title='bbox 739 676 831 748; x_wconf 90' lang='lat' dir='ltr'>ad</span> <span class='ocrx_word' id='word_1_20' title='bbox 873 693 948 750; x_wconf 86' lang='lat' dir='ltr'>te</span> <span class='ocrx_word' id='word_1_21' title='bbox 975 678 1306 752; x_wconf 77' lang='lat' dir='ltr'>recedere</span> <span class='ocrx_word' id='word_1_22' title='bbox 1329 730 1354 768; x_wconf 89' lang='lat'>‚</span> <span class='ocrx_word' id='word_1_23' title='bbox 1403 680 1861 776; x_wconf 71' lang='lat' dir='ltr'>circumspice</span> <span class='ocrx_word' id='word_1_24' title='bbox 1900 682 2140 781; x_wconf 86' lang='lat' dir='ltr'>singu-</span> 
     </span>
     <span class='ocr_line' id='line_1_4' title="bbox 179 787 2139 886; baseline 0.005 -30"><span class='ocrx_word' id='word_1_25' title='bbox 179 788 306 858; x_wconf 84' lang='lat' dir='ltr'>los</span> <span class='ocrx_word' id='word_1_26' title='bbox 323 813 345 858; x_wconf 68' lang='grc' dir='ltr'><em>ε</em></span> <span class='ocrx_word' id='word_1_27' title='bbox 379 809 614 861; x_wconf 84' lang='lat' dir='ltr'>nemo</span> <span class='ocrx_word' id='word_1_28' title='bbox 631 801 737 860; x_wconf 85' lang='lat' dir='ltr'>est</span> <span class='ocrx_word' id='word_1_29' title='bbox 755 837 781 876; x_wconf 92' lang='lat'>,</span> <span class='ocrx_word' id='word_1_30' title='bbox 811 787 932 860; x_wconf 85' lang='lat' dir='ltr'>eui</span> <span class='ocrx_word' id='word_1_31' title='bbox 959 809 1110 859; x_wconf 87' lang='lat' dir='ltr'>non</span> <span class='ocrx_word' id='word_1_32' title='bbox 1131 789 1339 860; x_wconf 83' lang='lat' dir='ltr'>satius</span> <span class='ocrx_word' id='word_1_33' title='bbox 1361 789 1450 860; x_wconf 74' lang='lat' dir='ltr'>sit</span> <span class='ocrx_word' id='word_1_34' title='bbox 1474 809 1647 862; x_wconf 77' lang='lat' dir='ltr'>cum</span> <span class='ocrx_word' id='word_1_35' title='bbox 1674 789 2011 886; x_wconf 86' lang='lat' dir='ltr'>quolibet</span> <span class='ocrx_word' id='word_1_36' title='bbox 2037 812 2139 865; x_wconf 80' lang='lat' dir='ltr'>es·</span> 
     </span>
     <span class='ocr_line' id='line_1_5' title="bbox 182 895 2135 1000; baseline 0.006 -33"><span class='ocrx_word' id='word_1_37' title='bbox 182 923 312 985; x_wconf 84' lang='lat' dir='ltr'>se,</span> <span class='ocrx_word' id='word_1_38' title='bbox 358 915 590 991; x_wconf 74' lang='lat' dir='ltr'>quam</span> <span class='ocrx_word' id='word_1_39' title='bbox 630 917 896 970; x_wconf 78' lang='lat' dir='ltr'>secum.</span> <span class='ocrx_word' id='word_1_40' title='bbox 947 895 1134 971; x_wconf 79' lang='lat' dir='ltr'>Tunc</span> <span class='ocrx_word' id='word_1_41' title='bbox 1155 902 1503 999; x_wconf 68' lang='lat' dir='ltr'>praecipue</span> <span class='ocrx_word' id='word_1_42' title='bbox 1533 901 1602 970; x_wconf 73' lang='lat' dir='ltr'>in</span> <span class='ocrx_word' id='word_1_43' title='bbox 1627 917 1690 971; x_wconf 82' lang='lat' dir='ltr'>te</span> <span class='ocrx_word' id='word_1_44' title='bbox 1713 904 1844 1000; x_wconf 76' lang='lat' dir='ltr'>ipse</span> <span class='ocrx_word' id='word_1_45' title='bbox 1877 901 2135 978; x_wconf 69' lang='lat' dir='ltr'>secede.</span> 
     </span>
     <span class='ocr_line' id='line_1_6' title="bbox 186 1003 2135 1102; baseline 0.001 -26"><span class='ocrx_word' id='word_1_46' title='bbox 186 1028 410 1102; x_wconf 78' lang='lat' dir='ltr'>quum</span> <span class='ocrx_word' id='word_1_47' title='bbox 435 1029 568 1078; x_wconf 81' lang='lat' dir='ltr'>esse</span> <span class='ocrx_word' id='word_1_48' title='bbox 603 1003 848 1098; x_wconf 56' lang='lat' dir='ltr'>cogeris</span> <span class='ocrx_word' id='word_1_49' title='bbox 871 1009 938 1077; x_wconf 82' lang='lat' dir='ltr'>in</span> <span class='ocrx_word' id='word_1_50' title='bbox 965 1007 1156 1078; x_wconf 76' lang='lat' dir='ltr'>turba</span> <span class='ocrx_word' id='word_1_51' title='bbox 1172 1031 1202 1080; x_wconf 72' lang='lat'><em>3</em></span> <span class='ocrx_word' id='word_1_52' title='bbox 1229 1007 1283 1079; x_wconf 81' lang='lat' dir='ltr'>si</span> <span class='ocrx_word' id='word_1_53' title='bbox 1307 1007 1545 1078; x_wconf 78' lang='lat' dir='ltr'>bonus</span> <span class='ocrx_word' id='word_1_54' title='bbox 1575 1007 1683 1079; x_wconf 78' lang='lat' dir='ltr'>vir</span> <span class='ocrx_word' id='word_1_55' title='bbox 1714 1030 1786 1080; x_wconf 85' lang='lat' dir='ltr'>es</span> <span class='ocrx_word' id='word_1_56' title='bbox 1802 1057 1823 1096; x_wconf 87' lang='lat'>,</span> <span class='ocrx_word' id='word_1_57' title='bbox 1848 1007 1905 1077; x_wconf 83' lang='lat' dir='ltr'>si</span> <span class='ocrx_word' id='word_1_58' title='bbox 1928 1008 2135 1102; x_wconf 77' lang='lat' dir='ltr'>quie-</span> 
     </span>
     <span class='ocr_line' id='line_1_7' title="bbox 190 1113 2155 1210; baseline 0.003 -29"><span class='ocrx_word' id='word_1_59' title='bbox 190 1133 371 1201; x_wconf 83' lang='lat' dir='ltr'>tus,</span> <span class='ocrx_word' id='word_1_60' title='bbox 418 1115 472 1183; x_wconf 88' lang='lat' dir='ltr'>si</span> <span class='ocrx_word' id='word_1_61' title='bbox 513 1129 955 1210; x_wconf 71' lang='lat' dir='ltr'>temperanst</span> <span class='ocrx_word' id='word_1_62' title='bbox 1004 1113 1327 1210; x_wconf 77' lang='lat' dir='ltr'>alioquin</span> <span class='ocrx_word' id='word_1_63' title='bbox 1370 1116 1449 1188; x_wconf 85' lang='lat' dir='ltr'>in</span> <span class='ocrx_word' id='word_1_64' title='bbox 1478 1115 1767 1190; x_wconf 77' lang='lat' dir='ltr'>turbam</span> <span class='ocrx_word' id='word_1_65' title='bbox 1810 1116 1945 1188; x_wconf 86' lang='lat' dir='ltr'>tibi</span> <span class='ocrx_word' id='word_1_66' title='bbox 1979 1141 2021 1186; x_wconf 85' lang='lat' dir='ltr'>a</span> <span class='ocrx_word' id='word_1_67' title='bbox 2058 1131 2155 1187; x_wconf 83' lang='lat' dir='ltr'>te·</span> 
     </span>
     <span class='ocr_line' id='line_1_8' title="bbox 195 1219 2136 1320; baseline 0.001 -26"><span class='ocrx_word' id='word_1_68' title='bbox 195 1219 706 1295; x_wconf 82' lang='lat' dir='ltr'>recedendum</span> <span class='ocrx_word' id='word_1_69' title='bbox 729 1237 872 1296; x_wconf 72' lang='lat' dir='ltr'>este</span> <span class='ocrx_word' id='word_1_70' title='bbox 909 1221 1062 1299; x_wconf 73' lang='lat' dir='ltr'>istie</span> <span class='ocrx_word' id='word_1_71' title='bbox 1086 1225 1277 1296; x_wconf 85' lang='lat' dir='ltr'>malo</span> <span class='ocrx_word' id='word_1_72' title='bbox 1308 1224 1468 1298; x_wconf 84' lang='lat' dir='ltr'>viro</span> <span class='ocrx_word' id='word_1_73' title='bbox 1488 1225 1787 1320; x_wconf 79' lang='lat' dir='ltr'>propius</span> <span class='ocrx_word' id='word_1_74' title='bbox 1820 1245 1909 1296; x_wconf 82' lang='lat' dir='ltr'>es.</span> <span class='ocrx_word' id='word_1_75' title='bbox 1936 1223 2136 1297; x_wconf 83' lang='lat' dir='ltr'>Vale.</span> 
     </span>
    </p>
   </div>
   <div class='ocr_carea' id='block_1_3' title="bbox 596 1363 1707 1518">
    <p class='ocr_par' dir='ltr' id='par_1_3' title="bbox 596 1363 1707 1518">
     <span class='ocr_line' id='line_1_9' title="bbox 596 1363 1707 1518; baseline 0.004 -36"><span class='ocrx_word' id='word_1_76' title='bbox 596 1363 1304 1518; x_wconf 65' lang='lat' dir='ltr'>:Eprs‘roLA</span> <span class='ocrx_word' id='word_1_77' title='bbox 1375 1411 1707 1487; x_wconf 74' lang='lat' dir='ltr'>xxvr.</span> 
     </span>
    </p>
   </div>
   <div class='ocr_carea' id='block_1_4' title="bbox 197 1542 2140 1839">
    <p class='ocr_par' dir='ltr' id='par_1_4' title="bbox 197 1542 2140 1839">
     <span class='ocr_line' id='line_1_10' title="bbox 197 1542 2137 1622; baseline 0.002 -24"><span class='ocrx_word' id='word_1_78' title='bbox 197 1542 392 1598; x_wconf 73' lang='lat' dir='ltr'>Senem</span> <span class='ocrx_word' id='word_1_79' title='bbox 409 1557 628 1608; x_wconf 62' lang='lat' dir='ltr'>seme,</span> <span class='ocrx_word' id='word_1_80' title='bbox 663 1555 720 1598; x_wconf 81' lang='lat' dir='ltr'>et</span> <span class='ocrx_word' id='word_1_81' title='bbox 739 1555 910 1598; x_wconf 69' lang='lat' dir='ltr'>aneu</span> <span class='ocrx_word' id='word_1_82' title='bbox 935 1545 1106 1598; x_wconf 70' lang='lat' dir='ltr'>anino</span> <span class='ocrx_word' id='word_1_83' title='bbox 1129 1545 1663 1622; x_wconf 44' lang='lat' dir='ltr'>vigeret-ethaeo</span> <span class='ocrx_word' id='word_1_84' title='bbox 1690 1544 2137 1618; x_wconf 58' lang='lat' dir='ltr'>nomimant</span> 
     </span>
     <span class='ocr_line' id='line_1_11' title="bbox 338 1623 2137 1698; baseline 0.001 -20"><span class='ocrx_word' id='word_1_85' title='bbox 338 1641 472 1694; x_wconf 80' lang='lat' dir='ltr'>quae</span> <span class='ocrx_word' id='word_1_86' title='bbox 499 1625 632 1686; x_wconf 78' lang='lat' dir='ltr'>sola,</span> <span class='ocrx_word' id='word_1_87' title='bbox 667 1624 864 1696; x_wconf 77' lang='lat' dir='ltr'>inquit,</span> <span class='ocrx_word' id='word_1_88' title='bbox 891 1623 1084 1678; x_wconf 71' lang='lat' dir='ltr'>iudicat</span> <span class='ocrx_word' id='word_1_89' title='bbox 1115 1641 1178 1678; x_wconf 79' lang='lat' dir='ltr'>an</span> <span class='ocrx_word' id='word_1_90' title='bbox 1211 1624 1400 1694; x_wconf 65' lang='lat' dir='ltr'>diquid</span> <span class='ocrx_word' id='word_1_91' title='bbox 1431 1626 1502 1680; x_wconf 83' lang='lat' dir='ltr'>sit</span> <span class='ocrx_word' id='word_1_92' title='bbox 1528 1625 1667 1681; x_wconf 75' lang='lat' dir='ltr'>facti.</span> <span class='ocrx_word' id='word_1_93' title='bbox 1706 1625 1923 1698; x_wconf 72' lang='lat' dir='ltr'>Reliqua</span> <span class='ocrx_word' id='word_1_94' title='bbox 1933 1663 1951 1690; x_wconf 85' lang='lat'>,</span> <span class='ocrx_word' id='word_1_95' title='bbox 1979 1626 2137 1680; x_wconf 66' lang='lat' dir='ltr'>verba</span> 
     </span>
     <span class='ocr_line' id='line_1_12' title="bbox 339 1702 2140 1777; baseline 0.002 -21"><span class='ocrx_word' id='word_1_96' title='bbox 339 1715 466 1756; x_wconf 79' lang='lat' dir='ltr'>sunt</span> <span class='ocrx_word' id='word_1_97' title='bbox 481 1705 678 1756; x_wconf 76' lang='lat' dir='ltr'>z&#39;robur</span> <span class='ocrx_word' id='word_1_98' title='bbox 701 1714 754 1756; x_wconf 84' lang='lat' dir='ltr'>et</span> <span class='ocrx_word' id='word_1_99' title='bbox 777 1703 945 1756; x_wconf 81' lang='lat' dir='ltr'>virtus</span> <span class='ocrx_word' id='word_1_100' title='bbox 969 1702 1226 1774; x_wconf 76' lang='lat' dir='ltr'>adparebit</span> <span class='ocrx_word' id='word_1_101' title='bbox 1240 1744 1257 1769; x_wconf 89' lang='lat'>,</span> <span class='ocrx_word' id='word_1_102' title='bbox 1285 1721 1441 1772; x_wconf 79' lang='lat' dir='ltr'>quum</span> <span class='ocrx_word' id='word_1_103' title='bbox 1464 1705 1678 1760; x_wconf 76' lang='lat' dir='ltr'>animam</span> <span class='ocrx_word' id='word_1_104' title='bbox 1694 1719 1829 1776; x_wconf 75' lang='lat' dir='ltr'>ages·</span> <span class='ocrx_word' id='word_1_105' title='bbox 1858 1704 1938 1760; x_wconf 73' lang='lat' dir='ltr'>Ab</span> <span class='ocrx_word' id='word_1_106' title='bbox 1955 1702 2140 1777; x_wconf 75' lang='lat' dir='ltr'>Epicn-</span> 
     </span>
     <span class='ocr_line' id='line_1_13' title="bbox 341 1780 1346 1839; baseline 0 -3"><span class='ocrx_word' id='word_1_107' title='bbox 341 1797 408 1836; x_wconf 75' lang='grc' dir='ltr'>το</span> <span class='ocrx_word' id='word_1_108' title='bbox 421 1783 674 1836; x_wconf 74' lang='lat' dir='ltr'>clausula:</span> <span class='ocrx_word' id='word_1_109' title='bbox 693 1780 854 1836; x_wconf 74' lang='lat' dir='ltr'>Disce</span> <span class='ocrx_word' id='word_1_110' title='bbox 869 1793 1081 1839; x_wconf 70' lang='lat' dir='ltr'>nonem</span> <span class='ocrx_word' id='word_1_111' title='bbox 1101 1781 1346 1837; x_wconf 72' lang='lat' dir='ltr'>meditari.</span> 
     </span>
    </p>
   </div>
   <div class='ocr_carea' id='block_1_5' title="bbox 595 1943 1755 2039">
    <p class='ocr_par' dir='ltr' id='par_1_5' title="bbox 595 1943 1755 2039">
     <span class='ocr_line' id='line_1_14' title="bbox 595 1943 1755 2039; baseline 0 -21"><span class='ocrx_word' id='word_1_112' title='bbox 595 1947 943 2039; x_wconf 63' lang='lat' dir='ltr'>Seneca</span> <span class='ocrx_word' id='word_1_113' title='bbox 987 1946 1244 2021; x_wconf 81' lang='lat' dir='ltr'>Lucilio</span> <span class='ocrx_word' id='word_1_114' title='bbox 1275 1968 1392 2016; x_wconf 81' lang='lat' dir='ltr'>suo</span> <span class='ocrx_word' id='word_1_115' title='bbox 1436 1943 1755 2018; x_wconf 81' lang='lat' dir='ltr'>Salutem.</span> 
     </span>
    </p>
   </div>
   <div class='ocr_carea' id='block_1_6' title="bbox 204 2046 2215 3987">
    <p class='ocr_par' dir='ltr' id='par_1_6' title="bbox 204 2046 2201 3609">
     <span class='ocr_line' id='line_1_15' title="bbox 209 2046 2137 2202; baseline -0.002 -18"><span class='ocrx_word' id='word_1_116' title='bbox 209 2046 550 2184; x_wconf 75' lang='lat' dir='ltr'>Meno</span> <span class='ocrx_word' id='word_1_117' title='bbox 584 2109 912 2196; x_wconf 82' lang='lat' dir='ltr'>dicebam</span> <span class='ocrx_word' id='word_1_118' title='bbox 939 2109 1116 2196; x_wconf 75' lang='lat' dir='ltr'>tibi,</span> <span class='ocrx_word' id='word_1_119' title='bbox 1162 2108 1240 2179; x_wconf 87' lang='lat' dir='ltr'>in</span> <span class='ocrx_word' id='word_1_120' title='bbox 1267 2119 1659 2202; x_wconf 86' lang='lat' dir='ltr'>conspectu</span> <span class='ocrx_word' id='word_1_121' title='bbox 1692 2133 1836 2181; x_wconf 81' lang='lat' dir='ltr'>esse</span> <span class='ocrx_word' id='word_1_122' title='bbox 1874 2131 1995 2181; x_wconf 83' lang='lat' dir='ltr'>me</span> <span class='ocrx_word' id='word_1_123' title='bbox 2026 2131 2137 2182; x_wconf 84' lang='lat' dir='ltr'>se·-</span> 
     </span>
     <span class='ocr_line' id='line_1_16' title="bbox 207 2213 2135 2314; baseline 0.002 -26"><span class='ocrx_word' id='word_1_124' title='bbox 207 2222 558 2291; x_wconf 74' lang='lat' dir='ltr'>nectutist</span> <span class='ocrx_word' id='word_1_125' title='bbox 591 2221 730 2290; x_wconf 86' lang='lat' dir='ltr'>iam</span> <span class='ocrx_word' id='word_1_126' title='bbox 757 2241 1004 2293; x_wconf 83' lang='lat' dir='ltr'>vereor</span> <span class='ocrx_word' id='word_1_127' title='bbox 1027 2271 1050 2308; x_wconf 93' lang='lat'>,</span> <span class='ocrx_word' id='word_1_128' title='bbox 1093 2243 1188 2290; x_wconf 90' lang='lat' dir='ltr'>ne</span> <span class='ocrx_word' id='word_1_129' title='bbox 1215 2213 1657 2290; x_wconf 85' lang='lat' dir='ltr'>senectutem</span> <span class='ocrx_word' id='word_1_130' title='bbox 1684 2233 1850 2314; x_wconf 83' lang='lat' dir='ltr'>post</span> <span class='ocrx_word' id='word_1_131' title='bbox 1880 2243 2001 2290; x_wconf 81' lang='lat' dir='ltr'>me</span> <span class='ocrx_word' id='word_1_132' title='bbox 2018 2244 2135 2292; x_wconf 90' lang='lat' dir='ltr'>re-</span> 
     </span>
     <span class='ocr_line' id='line_1_17' title="bbox 205 2329 2133 2424; baseline 0 -25"><span class='ocrx_word' id='word_1_133' title='bbox 205 2331 574 2423; x_wconf 78' lang='lat' dir='ltr'>liquerim.</span> <span class='ocrx_word' id='word_1_134' title='bbox 601 2329 827 2417; x_wconf 74' lang='lat' dir='ltr'>Aliud</span> <span class='ocrx_word' id='word_1_135' title='bbox 845 2329 987 2401; x_wconf 86' lang='lat' dir='ltr'>iam</span> <span class='ocrx_word' id='word_1_136' title='bbox 1015 2331 1120 2400; x_wconf 86' lang='lat' dir='ltr'>his</span> <span class='ocrx_word' id='word_1_137' title='bbox 1151 2329 1378 2417; x_wconf 74' lang='lat' dir='ltr'>annis,</span> <span class='ocrx_word' id='word_1_138' title='bbox 1405 2345 1597 2400; x_wconf 85' lang='lat' dir='ltr'>certe</span> <span class='ocrx_word' id='word_1_139' title='bbox 1620 2329 1791 2400; x_wconf 89' lang='lat' dir='ltr'>huic</span> <span class='ocrx_word' id='word_1_140' title='bbox 1818 2329 2133 2424; x_wconf 85' lang='lat' dir='ltr'>corpori,</span> 
     </span>
     <span class='ocr_line' id='line_1_18' title="bbox 207 2438 2135 2534; baseline 0.001 -24"><span class='ocrx_word' id='word_1_141' title='bbox 207 2441 653 2513; x_wconf 83' lang='lat' dir='ltr'>vocabulum</span> <span class='ocrx_word' id='word_1_142' title='bbox 679 2442 1061 2526; x_wconf 80' lang='lat' dir='ltr'>convenit3</span> <span class='ocrx_word' id='word_1_143' title='bbox 1108 2440 1453 2534; x_wconf 85' lang='lat' dir='ltr'>quoniam</span> <span class='ocrx_word' id='word_1_144' title='bbox 1484 2438 1784 2534; x_wconf 85' lang='lat' dir='ltr'>quidem</span> <span class='ocrx_word' id='word_1_145' title='bbox 1808 2454 2135 2511; x_wconf 80' lang='lat' dir='ltr'>senectus</span> 
     </span>
     <span class='ocr_line' id='line_1_19' title="bbox 204 2539 2151 2656; baseline 0.001 -39"><span class='ocrx_word' id='word_1_146' title='bbox 204 2549 425 2618; x_wconf 84' lang='lat' dir='ltr'>lassae</span> <span class='ocrx_word' id='word_1_147' title='bbox 451 2548 724 2635; x_wconf 79' lang='lat' dir='ltr'>aetatis,</span> <span class='ocrx_word' id='word_1_148' title='bbox 775 2570 932 2620; x_wconf 88' lang='lat' dir='ltr'>non</span> <span class='ocrx_word' id='word_1_149' title='bbox 971 2545 1226 2629; x_wconf 81' lang='lat' dir='ltr'>fractae</span> <span class='ocrx_word' id='word_1_150' title='bbox 1247 2599 1272 2638; x_wconf 88' lang='lat'>,</span> <span class='ocrx_word' id='word_1_151' title='bbox 1313 2539 1586 2621; x_wconf 85' lang='lat' dir='ltr'>nomen</span> <span class='ocrx_word' id='word_1_152' title='bbox 1616 2562 1738 2620; x_wconf 85' lang='lat' dir='ltr'>est.</span> <span class='ocrx_word' id='word_1_153' title='bbox 1786 2548 1984 2656; x_wconf 81' lang='lat' dir='ltr'>Inter</span> <span class='ocrx_word' id='word_1_154' title='bbox 2007 2546 2151 2619; x_wconf 89' lang='lat' dir='ltr'>de-·</span> 
     </span>
     <span class='ocr_line' id='line_1_20' title="bbox 209 2660 2139 2759; baseline 0 -28"><span class='ocrx_word' id='word_1_155' title='bbox 209 2661 522 2759; x_wconf 74' lang='lat' dir='ltr'>crepitos</span> <span class='ocrx_word' id='word_1_156' title='bbox 550 2684 665 2731; x_wconf 89' lang='lat' dir='ltr'>me</span> <span class='ocrx_word' id='word_1_157' title='bbox 697 2684 997 2732; x_wconf 83' lang='lat' dir='ltr'>numera</span> <span class='ocrx_word' id='word_1_158' title='bbox 1018 2676 1091 2733; x_wconf 91' lang='lat' dir='ltr'>et</span> <span class='ocrx_word' id='word_1_159' title='bbox 1109 2676 1421 2733; x_wconf 83' lang='lat' dir='ltr'>extrema</span> <span class='ocrx_word' id='word_1_160' title='bbox 1448 2676 1835 2759; x_wconf 80' lang='lat' dir='ltr'>tangentes,</span> <span class='ocrx_word' id='word_1_161' title='bbox 1868 2660 2139 2733; x_wconf 76' lang='lat' dir='ltr'>Gratias</span> 
     </span>
     <span class='ocr_line' id='line_1_21' title="bbox 209 2768 2136 2868; baseline -0.001 -27"><span class='ocrx_word' id='word_1_162' title='bbox 209 2786 460 2841; x_wconf 86' lang='lat' dir='ltr'>tamen</span> <span class='ocrx_word' id='word_1_163' title='bbox 482 2770 656 2840; x_wconf 88' lang='lat' dir='ltr'>mihi</span> <span class='ocrx_word' id='word_1_164' title='bbox 683 2768 882 2863; x_wconf 86' lang='lat' dir='ltr'>apud</span> <span class='ocrx_word' id='word_1_165' title='bbox 905 2784 979 2867; x_wconf 81' lang='lat' dir='ltr'>te</span> <span class='ocrx_word' id='word_1_166' title='bbox 1005 2794 1177 2868; x_wconf 85' lang='lat' dir='ltr'>ago:</span> <span class='ocrx_word' id='word_1_167' title='bbox 1208 2789 1359 2840; x_wconf 89' lang='lat' dir='ltr'>non</span> <span class='ocrx_word' id='word_1_168' title='bbox 1385 2768 1615 2840; x_wconf 80' lang='lat' dir='ltr'>sentio</span> <span class='ocrx_word' id='word_1_169' title='bbox 1649 2769 1726 2841; x_wconf 87' lang='lat' dir='ltr'>in</span> <span class='ocrx_word' id='word_1_170' title='bbox 1751 2770 1995 2842; x_wconf 86' lang='lat' dir='ltr'>animo</span> <span class='ocrx_word' id='word_1_171' title='bbox 2018 2789 2136 2840; x_wconf 88' lang='lat' dir='ltr'>ae-</span> 
     </span>
     <span class='ocr_line' id='line_1_22' title="bbox 211 2877 2135 2975; baseline 0.001 -26"><span class='ocrx_word' id='word_1_172' title='bbox 211 2879 382 2949; x_wconf 85' lang='lat' dir='ltr'>tatis</span> <span class='ocrx_word' id='word_1_173' title='bbox 403 2879 728 2950; x_wconf 83' lang='lat' dir='ltr'>iniuriam</span> <span class='ocrx_word' id='word_1_174' title='bbox 750 2930 773 2967; x_wconf 94' lang='lat'>,</span> <span class='ocrx_word' id='word_1_175' title='bbox 804 2884 1039 2975; x_wconf 66' lang='lat' dir='ltr'>quum</span> <span class='ocrx_word' id='word_1_176' title='bbox 1057 2877 1366 2951; x_wconf 77' lang='lat' dir='ltr'>sentiam</span> <span class='ocrx_word' id='word_1_177' title='bbox 1381 2881 1458 2948; x_wconf 90' lang='lat' dir='ltr'>in</span> <span class='ocrx_word' id='word_1_178' title='bbox 1482 2902 1816 2973; x_wconf 68' lang='lat' dir='ltr'>corporet</span> <span class='ocrx_word' id='word_1_179' title='bbox 1846 2892 2135 2951; x_wconf 83' lang='lat' dir='ltr'>tantum</span> 
     </span>
     <span class='ocr_line' id='line_1_23' title="bbox 211 2987 2139 3085; baseline -0.003 -24"><span class='ocrx_word' id='word_1_180' title='bbox 211 2990 390 3061; x_wconf 82' lang='lat' dir='ltr'>vitia</span> <span class='ocrx_word' id='word_1_181' title='bbox 417 3007 487 3061; x_wconf 90' lang='lat' dir='ltr'>et</span> <span class='ocrx_word' id='word_1_182' title='bbox 511 2988 848 3063; x_wconf 88' lang='lat' dir='ltr'>vitiorum</span> <span class='ocrx_word' id='word_1_183' title='bbox 876 2990 1258 3062; x_wconf 84' lang='lat' dir='ltr'>ministeria</span> <span class='ocrx_word' id='word_1_184' title='bbox 1292 3009 1703 3076; x_wconf 83' lang='lat' dir='ltr'>senuerunt.</span> <span class='ocrx_word' id='word_1_185' title='bbox 1738 2987 1963 3085; x_wconf 81' lang='lat' dir='ltr'>Viget</span> <span class='ocrx_word' id='word_1_186' title='bbox 1982 2988 2139 3059; x_wconf 89' lang='lat' dir='ltr'>ani-</span> 
     </span>
     <span class='ocr_line' id='line_1_24' title="bbox 210 3094 2137 3197; baseline -0.001 -26"><span class='ocrx_word' id='word_1_187' title='bbox 210 3124 422 3187; x_wconf 74' lang='lat' dir='ltr'>rum,</span> <span class='ocrx_word' id='word_1_188' title='bbox 451 3116 521 3171; x_wconf 90' lang='lat' dir='ltr'>et</span> <span class='ocrx_word' id='word_1_189' title='bbox 549 3098 808 3197; x_wconf 77' lang='lat' dir='ltr'>gaudet</span> <span class='ocrx_word' id='word_1_190' title='bbox 832 3122 985 3171; x_wconf 90' lang='lat' dir='ltr'>non</span> <span class='ocrx_word' id='word_1_191' title='bbox 989 3094 1330 3171; x_wconf 79' lang='lat' dir='ltr'>multum</span> <span class='ocrx_word' id='word_1_192' title='bbox 1354 3098 1484 3171; x_wconf 88' lang='lat' dir='ltr'>sibi</span> <span class='ocrx_word' id='word_1_193' title='bbox 1511 3121 1653 3169; x_wconf 81' lang='lat' dir='ltr'>esse</span> <span class='ocrx_word' id='word_1_194' title='bbox 1676 3118 1848 3168; x_wconf 86' lang='lat' dir='ltr'>cum</span> <span class='ocrx_word' id='word_1_195' title='bbox 1874 3118 2137 3191; x_wconf 86' lang='lat' dir='ltr'>corpo-</span> 
     </span>
     <span class='ocr_line' id='line_1_25' title="bbox 211 3204 2131 3332; baseline -0.002 -54"><span class='ocrx_word' id='word_1_196' title='bbox 211 3232 331 3294; x_wconf 82' lang='lat' dir='ltr'>re3</span> <span class='ocrx_word' id='word_1_197' title='bbox 377 3230 705 3304; x_wconf 86' lang='lat' dir='ltr'>magnam</span> <span class='ocrx_word' id='word_1_198' title='bbox 738 3222 1016 3302; x_wconf 87' lang='lat' dir='ltr'>partem</span> <span class='ocrx_word' id='word_1_199' title='bbox 1055 3208 1286 3279; x_wconf 87' lang='lat' dir='ltr'>oneris</span> <span class='ocrx_word' id='word_1_200' title='bbox 1326 3206 1435 3278; x_wconf 83' lang='lat' dir='ltr'>sui</span> <span class='ocrx_word' id='word_1_201' title='bbox 1468 3204 1742 3332; x_wconf 75' lang='lat' dir='ltr'>posuit3</span> <span class='ocrx_word' id='word_1_202' title='bbox 1788 3204 2131 3292; x_wconf 73' lang='lat' dir='ltr'>exsultat,</span> 
     </span>
     <span class='ocr_line' id='line_1_26' title="bbox 214 3295 2201 3401; baseline -0.002 -12"><span class='ocrx_word' id='word_1_203' title='bbox 214 3336 296 3389; x_wconf 81' lang='lat' dir='ltr'>et</span> <span class='ocrx_word' id='word_1_204' title='bbox 339 3318 515 3389; x_wconf 87' lang='lat' dir='ltr'>mihi</span> <span class='ocrx_word' id='word_1_205' title='bbox 552 3317 717 3389; x_wconf 86' lang='lat' dir='ltr'>facit</span> <span class='ocrx_word' id='word_1_206' title='bbox 755 3320 1307 3390; x_wconf 85' lang='lat' dir='ltr'>controversiam</span> <span class='ocrx_word' id='word_1_207' title='bbox 1319 3295 1447 3391; x_wconf 86' lang='lat' dir='ltr'>de</span> <span class='ocrx_word' id='word_1_208' title='bbox 1484 3306 1887 3401; x_wconf 71' lang='lat' dir='ltr'>sene&#39;c&#39;tute3</span> <span class='ocrx_word' id='word_1_209' title='bbox 1936 3314 2133 3386; x_wconf 85' lang='lat' dir='ltr'>hunc</span> <span class='ocrx_word' id='word_1_210' title='bbox 2194 3364 2201 3369; x_wconf 87' lang='lat'>-</span> 
     </span>
     <span class='ocr_line' id='line_1_27' title="bbox 215 3428 2132 3553; baseline -0.001 -52"><span class='ocrx_word' id='word_1_211' title='bbox 215 3430 322 3502; x_wconf 87' lang='lat' dir='ltr'>ait</span> <span class='ocrx_word' id='word_1_212' title='bbox 349 3454 490 3500; x_wconf 85' lang='lat' dir='ltr'>esse</span> <span class='ocrx_word' id='word_1_213' title='bbox 533 3428 792 3502; x_wconf 85' lang='lat' dir='ltr'>florem</span> <span class='ocrx_word' id='word_1_214' title='bbox 825 3452 1062 3553; x_wconf 82' lang='lat' dir='ltr'>suum.</span> <span class='ocrx_word' id='word_1_215' title='bbox 1115 3428 1509 3503; x_wconf 74' lang='lat' dir='ltr'>Credamus</span> <span class='ocrx_word' id='word_1_216' title='bbox 1551 3428 1691 3500; x_wconf 90' lang='lat' dir='ltr'>illi:</span> <span class='ocrx_word' id='word_1_217' title='bbox 1742 3428 1949 3501; x_wconf 87' lang='lat' dir='ltr'>bono</span> <span class='ocrx_word' id='word_1_218' title='bbox 2000 3442 2132 3500; x_wconf 82' lang='lat' dir='ltr'>suo</span> 
     </span>
     <span class='ocr_line' id='line_1_28' title="bbox 213 3538 1092 3609; baseline -0.001 0"><span class='ocrx_word' id='word_1_219' title='bbox 213 3538 496 3609; x_wconf 87' lang='lat' dir='ltr'>utatur!</span> <span class='ocrx_word' id='word_1_220' title='bbox 1087 3560 1092 3566; x_wconf 90' lang='lat'><em>·</em></span> 
     </span>
    </p>

    <p class='ocr_par' dir='ltr' id='par_1_7' title="bbox 211 3638 2215 3987">
     <span class='ocr_line' id='line_1_29' title="bbox 318 3638 2215 3749; baseline -0.003 -30"><span class='ocrx_word' id='word_1_221' title='bbox 318 3646 468 3720; x_wconf 86' lang='lat' dir='ltr'>Ire</span> <span class='ocrx_word' id='word_1_222' title='bbox 450 3670 528 3719; x_wconf 87' lang='lat' dir='ltr'>m</span> <span class='ocrx_word' id='word_1_223' title='bbox 549 3648 1059 3749; x_wconf 80' lang='lat' dir='ltr'>cogitationem</span> <span class='ocrx_word' id='word_1_224' title='bbox 1083 3650 1314 3738; x_wconf 84' lang='lat' dir='ltr'>iuvat,</span> <span class='ocrx_word' id='word_1_225' title='bbox 1343 3664 1417 3721; x_wconf 83' lang='lat' dir='ltr'>et</span> <span class='ocrx_word' id='word_1_226' title='bbox 1440 3646 1807 3742; x_wconf 81' lang='lat' dir='ltr'>dispicere,</span> <span class='ocrx_word' id='word_1_227' title='bbox 1834 3638 2015 3737; x_wconf 78' lang='lat' dir='ltr'>qui&#39;d</span> <span class='ocrx_word' id='word_1_228' title='bbox 2042 3664 2132 3717; x_wconf 75' lang='lat' dir='ltr'>ex</span> <span class='ocrx_word' id='word_1_229' title='bbox 2197 3671 2215 3686; x_wconf 92' lang='lat'>··</span> 
     </span>
     <span class='ocr_line' id='line_1_30' title="bbox 211 3751 2132 3853; baseline -0.003 -22"><span class='ocrx_word' id='word_1_230' title='bbox 211 3760 354 3831; x_wconf 84' lang='lat' dir='ltr'>hac</span> <span class='ocrx_word' id='word_1_231' title='bbox 379 3756 889 3853; x_wconf 79' lang='lat' dir='ltr'>tranquillitate</span> <span class='ocrx_word' id='word_1_232' title='bbox 913 3751 1378 3831; x_wconf 74' lang='lat' dir='ltr'>etmodestia</span> <span class='ocrx_word' id='word_1_233' title='bbox 1424 3776 1717 3830; x_wconf 81' lang='lat' dir='ltr'>morum</span> <span class='ocrx_word' id='word_1_234' title='bbox 1750 3752 2132 3851; x_wconf 81' lang='lat' dir='ltr'>sapientiae</span> 
     </span>
     <span class='ocr_line' id='line_1_31' title="bbox 215 3864 2135 3987; baseline 0 -50"><span class='ocrx_word' id='word_1_235' title='bbox 215 3864 524 3940; x_wconf 78' lang='lat' dir='ltr'>debeam</span> <span class='ocrx_word' id='word_1_236' title='bbox 544 3893 568 3959; x_wconf 83' lang='lat'>3</span> <span class='ocrx_word' id='word_1_237' title='bbox 599 3866 780 3963; x_wconf 78' lang='lat' dir='ltr'>quid</span> <span class='ocrx_word' id='word_1_238' title='bbox 797 3870 1044 3987; x_wconf 20' lang='lat' dir='ltr'>aetatiaez</span> <span class='ocrx_word' id='word_1_239' title='bbox 1071 3886 1143 3941; x_wconf 89' lang='lat' dir='ltr'>et</span> <span class='ocrx_word' id='word_1_240' title='bbox 1169 3868 1545 3969; x_wconf 82' lang='lat' dir='ltr'>diligenter</span> <span class='ocrx_word' id='word_1_241' title='bbox 1568 3878 1923 3957; x_wconf 80' lang='lat' dir='ltr'>excutere,</span> <span class='ocrx_word' id='word_1_242' title='bbox 1942 3880 2135 3963; x_wconf 84' lang='lat' dir='ltr'>quae</span> 
     </span>
    </p>
   </div>
  </div>
 </body>
</html>
