2809 4850
728 321 871 424 ,36
1116 318 1203 397 L.
1250 252 1691 395 ΑΝΝΑὲι
1749 307 2264 392 SENECAE

723 480 1021 556 vitatem
1046 475 1454 550 exoneravit
1469 475 1506 546 Ρ
1539 474 1648 546 Eo
1671 473 2018 570 perducta
2047 499 2158 548 res
2181 491 2368 564 erat,
2399 491 2490 550 ut
2527 493 2648 554 aut

722 590 1003 664 libertas
1036 583 1397 679 Scipioni,
1434 599 1562 654 aut
1589 581 1830 678 Scipio
1869 582 2184 654 libertati
2231 583 2500 674 faceret
2537 588 2648 656 in·

720 697 991 772 iuriam.
1032 693 1393 767 Neutrum
1415 687 1514 763 fas
1534 705 1712 778 erat3
1749 690 1992 786 itaque
2020 690 2229 764 dedit
2257 693 2512 764 locum
2541 695 2647 762 le-

716 805 927 904 gibus
946 855 971 892 ,
1014 817 1093 878 et.
1124 825 1196 874 se
1225 800 1600 872 Liternum
1645 799 1952 895 recepit,
2003 817 2154 872 tam
2199 823 2423 874 suurn
2463 803 2646 874 exsi-

714 915 901 988 lium
924 909 1358 1007 reipublicae
1383 913 1835 1004 inputaturus
1851 963 1874 998 ,
1905 935 2124 1004 quam
2153 911 2550 984 Hannibal.

816 1022 993 1098 Vidi
1021 1019 1261 1094 villam
1284 1036 1622 1092 structam
1635 1018 1889 1116 dapide
1917 1019 2307 1116 quadrato3
2337 1046 2636 1094 murum

694 1133 1245 1212 -circumdatum
1267 1131 1520 1224 silvae3
1549 1147 1773 1204 turres
1805 1153 2104 1226 quoque
2135 1133 2208 1204 in
2233 1157 2640 1232 propugna-

718 1245 967 1318 culum
1004 1243 1211 1314 villae
1253 1242 1619 1334 utrimque
1661 1241 2058 1330 subrectas3
2105 1243 2492 1319 cisternam
2529 1268 2636 1316 ae-

717 1353 965 1430 dificiis
1007 1377 1090 1426 ac
1131 1343 1474 1426 viridibus
1517 1349 1878 1422 subditam
1899 1401 1921 1440 ‚
1969 1375 2158 1448 quae
2197 1354 2528 1424 sufficere
2563 1353 2634 1426 in

715 1485 930 1534 usum
964 1462 1083 1532 vel
1104 1459 1449 1530 exercitus
1473 1474 1746 1552 posset5
1777 1458 2190 1546 balneolum
2221 1475 2636 1560 angustum,

716 1569 1247 1642 tenebricosum
1264 1617 1289 1658 ‚
1323 1590 1414 1638 ex
1442 1567 1965 1640 consuetudine
1997 1569 2332 1666 antiqua:
2365 1595 2524 1641 non
2543 1571 2634 1642 vi·

716 1677 1024 1754 debatur
1070 1679 1458 1752 maioribus
1499 1679 1756 1751 nostris
1809 1677 2106 1751 caldum
2126 1731 2150 1768 ,
2203 1679 2342 1752 nisi
2389 1681 2635 1753 obscu-

714 1813 897 1864 rum.
920 1790 1178 1888 Magna
1200 1813 1367 1888 ergo
1384 1813 1505 1860 me
1526 1790 1858 1884 voluptas
1872 1787 2114 1876 subiit,
2141 1793 2639 1886 contemplan-

715 1915 867 1972 tem
894 1924 1125 1970 rnores
1150 1895 1499 1992 Scipionis
1527 1921 1608 1970 ac
1635 1915 1926 1969 nostros.
1965 1897 2050 1968 In
2080 1899 2219 1970 hoc
2251 1902 2533 1998 angulo
2557 1902 2634 1970 il-

710 2009 784 2082 le
807 2009 1243 2109 Carthaginis
1266 2011 1546 2098 horror,
1572 2009 1690 2082 cui
1715 2011 1942 2082 Roma
1959 2009 2184 2083 debet
2201 2063 2226 2100 ,
2251 2011 2472 2106 quod
2495 2027 2635 2082 tan·

712 2131 877 2193 tum
918 2119 1141 2192 semel
1162 2133 1369 2212 capta
1409 2133 1547 2207 est,
1591 2117 1934 2200 abluebat
1975 2141 2236 2214 corpus
2277 2119 2634 2192 laboribus

712 2225 986 2298 rusticis
1011 2223 1311 2312 fessum3
1342 2225 1715 2297 exercebat
1742 2226 1938 2296 enim
1965 2250 2186 2321 opere
2211 2251 2284 2298 se
2302 2278 2327 2315 ,
2349 2241 2634 2298 terram·

715 2356 863 2427 que
896 2335 1029 2428 (ut
1058 2357 1215 2408 mos
1234 2331 1373 2406 fuit
1396 2332 1684 2429 priscis)
1709 2333 1857 2427 ipse
1883 2335 2272 2433 subigebat.
2319 2331 2480 2408 Sub
2507 2335 2634 2406 hoc

710 2442 835 2513 ille
856 2458 1047 2515 tecto
1091 2462 1239 2513 tam
1270 2440 1562 2513 sordido
1591 2440 1785 2514 stetit
1803 2467 1843 2529 31
1868 2444 2009 2516 hoc
2031 2442 2238 2527 illum
2261 2444 2634 2539 pavimen-

710 2562 873 2619 tum
908 2562 1053 2617 tam
1074 2548 1215 2617 vile
1244 2549 1620 2621 sustinuit!
1661 2549 1759 2621 At
1783 2574 1978 2623 nunc
2005 2552 2163 2645 quis
2201 2568 2340 2641 est,
2375 2553 2510 2647 qui
2547 2552 2634 2625 sic

706 2656 923 2729 lavari
954 2656 1337 2731 sustineat?
1374 2684 1653 2755 pauper
1687 2661 1818 2733 sibi
1844 2662 2129 2738 videtur
2157 2687 2240 2737 ac
2266 2665 2634 2755 sordidus,

706 2764 843 2839 nisi
890 2766 1187 2861 parietes
1228 2770 1498 2867 magnis
1541 2788 1614 2843 et
1659 2773 1978 2867 pretiosis
2019 2774 2317 2875 orbibus
2343 2776 2630 2849 refulse-
2757 2782 2759 2785 ‘

706 2892 923 2962 runt3
971 2876 1102 2948 nisi
1140 2876 1618 2955 Alexandrina
1657 2906 2008 2957 marmora
2043 2884 2453 2961 Numidicis
2481 2910 2632 2959 cru·

704 2986 824 3061 stis
857 2987 1185 3063 distincta
1210 3009 1422 3081 sunt,
1399 3018 1420 3037 ·
1455 2993 1586 3065 nisi
1611 2992 1745 3067 illis
1769 2996 2102 3089 undique
2127 3023 2430 3095 operosa
2461 3015 2538 3070 et
2559 2999 2628 3069 in

702 3096 1020 3197 picturae
1044 3098 1353 3173 modum
1387 3099 1648 3173 variata
1679 3102 2110 3201 circumlitio
2149 3107 2628 3201 praetexitur,

702 3205 839 3277 nisi
867 3206 1053 3281 vitro
1081 3204 1548 3305 absconditur
1581 3233 1890 3297 camera,
1935 3212 2068 3283 nisi
2097 3196 2398 3319 Thasius
2422 3214 2628 3309 lapis,

705 3312 1093 3409 quondam
1120 3340 1353 3396 rarum
1394 3318 1477 3389 in
1499 3319 1744 3411 aliquo
1779 3305 2266 3415 spectaculum
2305 3326 2626 3419 templo,

700 3422 997 3518 piscinas
1016 3444 1281 3499 nostras
1310 3426 1832 3520 circumdedit,
1862 3430 1936 3503 in
1960 3456 2132 3526 quas
2161 3434 2398 3506 multa
2427 3434 2627 3507 suda

702 3532 904 3613 tione
936 3558 1234 3629 corpora
1269 3535 1626 3612 exinanita
1663 3540 2146 3631 demittimus3
2193 3544 2332 3615 nisi
2359 3568 2625 3639 aquam

700 3661 1029 3741 argentea
1049 3645 1424 3741 epistomia
1445 3646 1812 3722 fuderunt.
1855 3650 1946 3725 Et
1964 3654 2104 3727 adh
2113 3678 2200 3725 uc
2215 3654 2537 3748 plebeias
2552 3656 2652 3736 fi·.

701 3753 911 3855 stulas
948 3756 1249 3851 loquorz
1296 3754 1474 3853 quid
1492 3806 1516 3847 ,
1549 3782 1784 3853 quum
1826 3761 1922 3845 ad
1962 3762 2217 3865 balnea
2244 3763 2629 3855 libertino-
