2809 4850
662 393 797 448 ιω.
1012 363 1096 443 L.
1146 363 1615 442 ANNAEI
1664 359 2208 436 SENECAE

656 530 1015 618 miserint,
1053 529 1493 614 admirabor,
1532 544 1604 599 et
1649 523 2005 598 clamabo:
2049 509 2292 596 Tanto
2317 521 2590 602 melior

654 666 892 736 surge,
930 659 998 709 et
1024 640 1315 731 inspira3
1366 656 1438 707 et
1461 635 1728 710 clivum
1759 638 1972 706 istum
2005 659 2156 706 uno
2177 686 2199 720 ‚
2233 637 2284 704 si
2313 649 2528 728 potes
2557 683 2586 720 ,

652 751 897 840 spiritu
930 771 1267 842 exsupera
1298 747 1313 814 !
1357 745 1751 816 Generosos
1773 745 2048 815 animos
2072 745 2276 814 labor
2319 743 2585 813 nutrit.

654 856 723 928 N
734 881 829 926 on
861 875 960 924 est
990 879 1155 952 ergo
1186 853 1390 946 quod
1423 879 1516 924 ex
1553 855 1678 925 illo
1704 868 1941 926 vetere
1983 867 2158 922 voto
2184 869 2579 944 parentum

654 981 948 1040 tuorum
988 966 1193 1060 eligas
1218 1016 1242 1049 ‚
1295 962 1480 1056 quid
1517 966 1928 1060 contingere
1961 963 2094 1032 tibi
2139 964 2345 1049 velis,
2387 957 2578 1055 quid

656 1083 903 1170 optes:
940 1094 1047 1160 et,
1091 1075 1166 1144 in
1200 1089 1441 1145 totum
1465 1125 1486 1158 ‚
1520 1075 1673 1144 aiam
1709 1099 1834 1167 per
1863 1074 2172 1144 maxima
2215 1090 2376 1144 acto
2414 1074 2578 1143 viro

656 1199 867 1277 turpe
916 1203 1017 1254 est
1056 1183 1470 1284 etiamnunc
1516 1183 1708 1254 Deos
1749 1181 2056 1279 fatigare.
2129 1181 2333 1290 Quid
2384 1181 2578 1256 votis

658 1307 839 1386 opus
872 1295 1025 1363 est?
1049 1294 1153 1362 fac
1184 1311 1255 1364 te
1274 1294 1422 1387 ipse
1457 1292 1773 1364 felicem·
1820 1292 2024 1362 facies
2047 1307 2291 1362 autem
2317 1339 2345 1378 ,
2377 1292 2435 1360 si
2459 1291 2582 1360 iri-⁶

656 1404 1007 1476 tellexeris
1052 1407 1241 1476 bona
1261 1429 1462 1491 esse,
1517 1405 1781 1498 quibus
1828 1404 2145 1474 admixta
2172 1403 2390 1472 virtus
2433 1415 2574 1484 est3

657 1517 931 1608 turpia,
986 1517 1249 1608 quibus
1300 1517 1566 1586 malitia
1613 1517 1994 1586 coniuncta
2041 1531 2162 1586 est.
2197 1512 2579 1618 Quemad-

656 1629 964 1698 modum
1002 1628 1148 1697 sine
1176 1629 1484 1696 mixtura
1513 1629 1684 1697 lucis
1719 1627 1895 1696 nihil
1919 1624 2406 1721 splendidum'
2433 1641 2576 1710 est3
2651 1653 2656 1656 ·

655 1738 839 1806 nihil
882 1757 1150 1823 atrum,
1197 1738 1329 1806 nisi
1363 1735 1574 1828 quod
1605 1737 1928 1806 tenebras
1970 1735 2231 1823 habet,
2279 1750 2405 1803 aut
2439 1735 2574 1804 ali-³

660 1846 897 1937 quid
882 1869 955 1914 m
992 1871 1063 1916 se
1105 1846 1313 1916 traxit
1361 1844 1683 1930 obscuri3
1739 1843 2366 1938 quemadmodum
2422 1842 2578 1912 sine

658 1955 1060 2025 adiutorio'
1044 1956 1217 2051 1gnis
1259 1955 1438 2025 nihil
1483 1950 1798 2024 calidum
1835 1970 1980 2040 est,
2020 1951 2202 2022 nihil
2243 1953 2392 2021 sine
2416 1949 2616 2020 aere.

586 2080 592 2086 ·
658 2061 1037 2159 frigidum:
1076 2070 1170 2134 ita
1198 2068 1487 2137 honesta
1519 2084 1590 2136 et
1607 2064 1838 2158 turpia
1853 2063 2134 2136 virtutis
2150 2085 2238 2134 ac
2264 2061 2579 2133 malitiae

656 2172 945 2242 societas
972 2175 1895 2245 efficit..

760 2283 963 2388 Quid
992 2309 1159 2379 ergo
1198 2299 1299 2356 est
1328 2285 1658 2357 bonum?
1694 2284 1959 2358 Rerum
1993 2283 2302 2356 scientia.
2362 2273 2578 2384 Quid

656 2387 931 2455 malurn
964 2391 1110 2459 est?
1138 2390 1401 2463 Rerum
1435 2392 1805 2486 imperitia.
1847 2393 1977 2463 Ille
2003 2389 2318 2488 prudens
2349 2406 2576 2481 atque

605 2555 608 2557 .
655 2495 951 2587 ardfert,
986 2524 1116 2593 pro
1151 2523 1515 2595 tempore,
1563 2528 1896 2599 quaeque
1934 2505 2232 2600 repellet
2272 2518 2401 2571 aut
2443 2501 2580 2571 eli-

656 2627 798 2703 get.
828 2606 969 2677 Sed
1001 2635 1169 2699 nec,
1201 2637 1390 2705 quae
1411 2615 1692 2707 repellit
1712 2667 1732 2701 ‚
1765 2616 2018 2701 timet3
2067 2636 2204 2685 nec
2238 2611 2576 2695 miratur,

660 2737 847 2807 quae
886 2718 1122 2815 eligit5
1156 2722 1220 2790 'si
1261 2724 1485 2809 modo
1515 2748 1810 2823 magnus
1850 2709 1951 2793 il'li
1979 2738 2054 2794 et
2089 2720 2394 2793 invictus
2421 2718 2581 2787 ani·

659 2851 821 2895 mus
850 2844 973 2899 est.
1000 2830 1345 2915 Submitti
1366 2848 1438 2903 te
1463 2858 1541 2904 ac
1565 2834 1868 2927 deprimi
1896 2838 2082 2904 veto.
2128 2830 2486 2903 Laborem
2517 2827 2578 2897 si

658 2960 812 3006 non
836 2958 1139 3027 recuses,
1176 2967 1423 3033 parum
1455 2961 1590 3013 est:
1621 2944 1873 3037 posce!
1905 2982 1975 2997 -
2015 2940 2202 3045 Quis
2231 2962 2434 3035 erge,
2459 2938 2580 3007 in·-

658 3045 866 3138 qui's,
890 3046 1093 3118 labor
1116 3048 1405 3120 frivolus
1429 3068 1502 3119 et
1527 3075 2002 3143 supervacuus
2027 3069 2132 3122 est
2149 3050 2184 3120 Ρ
2212 3088 2284 3101 -
2322 3050 2577 3152 Quem

656 3152 967 3223 humiles
998 3178 1241 3226 causae
1270 3176 1725 3228 vocaverunt.
1757 3160 1930 3228 Non
1969 3174 2070 3227 est
2108 3159 2371 3241 malus3
2419 3177 2577 3224 non

660 3262 878 3355 magis
904 3287 1122 3352 quam
1149 3266 1305 3352 ille,
1358 3267 1489 3357 qui
1518 3266 1822 3357 pulchris
1848 3268 2056 3337 rebus
2084 3264 2574 3359 impenditur·

660 3370 1006 3462 quoniam
1026 3372 1245 3440 animi
1274 3391 1374 3442 est
1398 3373 1546 3465 ipsa
1572 3375 1940 3448 tolerantia
1958 3427 1980 3463 ,
2015 3398 2198 3467 quae
2227 3400 2299 3464 se
2319 3372 2412 3443 ad
2440 3372 2577 3443 du-

658 3501 731 3546 ra
759 3493 827 3547 et
864 3501 1101 3569 aspera
1140 3478 1502 3566 hortatur,
1549 3495 1622 3549 et
1661 3480 1864 3551 dicit:
1908 3472 2090 3575 quid
2121 3482 2376 3553 cessas?
2417 3494 2576 3551 non

664 3602 761 3653 est
799 3585 971 3671 viri,
1005 3586 1255 3655 timere
1280 3588 1651 3659 sudorem!
1698 3590 1888 3661 Huic
1927 3607 1998 3661 et
2035 3591 2216 3663 illud
2242 3590 2574 3677 accedat,

641 3708 747 3758 ·-ut
787 3694 1091 3782 perfecta
1132 3696 1351 3767 virtus
1396 3694 1482 3767 sit
1508 3746 1530 3783 ,
1581 3700 1971 3791 aequalitas
2009 3722 2090 3769 ac
2135 3716 2346 3770 tenor
2384 3699 2602 3769 vitae

660 3822 790 3893 per
819 3804 1055 3873 omnia
1084 3826 1475 3878 consonans
1499 3806 1668 3878 sibiz
1716 3806 1920 3902 quod
1943 3831 2098 3879 non
2126 3824 2364 3903 potest
2391 3830 2571 3894 esse,
