2809 4850
631 429 769 506 190
1005 401 1090 473 L.
1139 393 1583 478 ANNAEI
1628 389 2190 465 SENECAE·

623 562 1122 658 occupationes
1143 611 1168 648 ‚
1195 577 1267 631 et
1288 573 1551 656 augent
1578 605 1601 644 ‚
1634 571 1705 626 et
1730 555 1859 648 ipsi
1880 580 1953 626 se
1982 570 2365 649 occupant.
2390 546 2561 626 Va'-

621 697 755 763 c0,
803 673 903 744 mi
940 670 1204 755 Lucili,
1256 685 1472 752 vaco}
1518 683 1639 752 et,·
1681 665 2133 756 ubicumque
2174 687 2381 750 sum,
2436 663 2551 734 ibi

566 837 574 845 -
621 809 824 856 meus
844 805 1024 854 sum.
1053 777 1294 850 Rebus
1328 777 1522 847 enim
1548 795 1701 846 non
1736 799 1857 845 me
1880 773 2130 861 trade,
2172 770 2301 844 sed
2334 797 2551 844 com-

619 891 888 974 mod03
924 911 1058 960 nec
1095 898 1463 956 consector
1504 880 1858 974 perdendi
1900 879 2245 975 temporis
2286 905 2549 954 causas.

619 1002 748 1091 Et,
799 1015 1276 1093 quocumque
1323 992 1609 1064 constiti
1658 994 1823 1063 loco
1846 1043 1869 1084 ‚
1918 992 2023 1063 ibi
2071 991 2547 1089 cogitationes

617 1135 812 1186 meas
845 1124 1104 1195 tracto,
1142 1121 1216 1176 et
1255 1103 1527 1196 aliquid
1562 1103 1639 1173 in
1686 1101 1933 1174 animo
1972 1103 2269 1174 salutare
2310 1125 2541 1172 verso.

701 1239 876 1288 uum
904 1239 1020 1286 me
1037 1212 1276 1286 amicis
1299 1211 1508 1299 dedi,
1538 1233 1692 1282 non
1724 1226 1964 1282 tamen
1992 1210 2167 1280 mihi
2194 1210 2490 1282 abduco
2509 1235 2539 1294 ς

617 1351 756 1400 nec
783 1325 1109 1411 cumillis
1134 1321 1719 1416 morel-„quibus
1746 1327 1877 1392 ‘me
1909 1341 2194 1415 tempus
2232 1322 2541 1415 aliquod
2628 1357 2639 1367 ,

571 1481 581 1488 -
613 1434 1063 1532 congregavit
1083 1447 1210 1503 aut
1223 1455 1423 1504 causa
1438 1457 1530 1502 ex
1546 1432 1783 1504 officio
1800 1449 1963 1504 nata
1984 1432 2197 1520 civili,
2216 1433 2342 1502 sed
2362 1455 2538 1504 cum

615 1547 910 1640 optimo
935 1548 1236 1638 quoque
1257 1567 1414 1616 sum
1438 1574 1452 1613 :
1486 1545 1579 1614 ad
1606 1545 1759 1616 illos
1777 1596 1800 1632 ,
1826 1546 1903 1615 in
1925 1567 2403 1639 quocumque
2426 1545 2539 1613 lo-

613 1677 736 1742 co,
751 1655 827 1724 in‘
851 1675 1321 1747 quocumque
1343 1655 1586 1726 seculo
1608 1652 1912 1741 fuerint,
1936 1653 2260 1724 animum
2281 1647 2541 1723 meum

615 1765 854 1835 mitto.
888 1762 1386 1850 Demetrium,
1430 1762 1753 1834 virorum
1790 1761 2197 1856 optimum,
2240 1783 2537 1834 mecum

615 1870 1078 1957 circumfem3
1107 1887 1181 1942 et
1201 1921 1226 1957 ,
1251 1868 1507 1941 relictis
1539 1867 2035 1964 conchyliatis,
2068 1888 2240 1938 cum
2268 1869 2395 1939 illo
2422 1892 2535 1938 se-

614 1979 926 2062 minudo
949 1981 1240 2071 loquor,
1266 1981 1471 2048 illum
1499 1977 1827 2050 admiror„
1864 1976 2149 2083 Quidni
2178 1975 2537 2048 admirer?

613 2090 768 2162 vidi
792 2090 971 2160 nihil
989 2088 1052 2160 ei
1079 2087 1334 2158 deesse.
1357 2087 1842 2160 Contemnere
1856 2085 2101 2160 omnia
2124 2086 2378 2179 aliquis
2396 2111 2537 2184 po·-

612 2214 786 2286 test3
833 2196 1081 2270 omnia
1126 2195 1390 2287 habere
1434 2219 1655 2268 nemo
1702 2209 1956 2289 potest.
1996 2193 2404 2268 Brevissima
2438 2193 2537 2265 ad

611 2307 890 2380 divitias
909 2359 930 2394 ,
955 2331 1082 2400 per
1106 2321 1563 2379 contemtum
1592 2304 2009 2378 divitiarum
2027 2354 2050 2392 ‚
2076 2304 2192 2376 via
2220 2321 2343 2376 est.
2386 2303 2539 2376 De-

609 2416 908 2491 metrius
956 2433 1202 2488 autem
1243 2432 1480 2489 noster
1524 2415 1623 2489 sic
1670 2415 1887 2504 vivit,
1948 2440 2103 2488 non
2127 2500 2131 2505 .
2156 2433 2535 2509 tamquam

611 2528 1066 2603 contemserit
1103 2527 1346 2598 omnia
1366 2578 1388 2615 ,
1434 2525 1562 2599 sed
1590 2541 1962 2621 tamquam
2002 2526 2153 2599 aliis
2194 2524 2528 2601 habenda

608 2636 1022 2742 permiserit.
1053 2637 1248 2709 Vale.

1045 2780 1518 2879 EPISTO
1549 2784 1697 2857 LA
1777 2784 2107 2859 LXIII.

801 2914 1158 2970 consolatoria
1173 2930 1336 2985 super
1345 2928 1510 2970 morte
1530 2914 1703 2983 amici,
1721 2918 1917 2988 sapiens
1939 2930 1993 2972 et
2014 2920 2359 2989 perpulchra·

935 3099 940 3104 ·
983 3056 1348 3129 SENECA
1388 3057 1641 3129 Lucilio
1676 3082 1787 3129 suo
1826 3058 2139 3129 Sdlutem.

610 3122 770 3261 M
791 3201 840 3255 o
861 3202 908 3255 1.
927 3202 972 3255 Ε
993 3202 1027 3257 s
1047 3202 1094 3254 ‘r
1115 3202 1160 3254 Ε
1205 3182 1340 3255 fers
1378 3182 1743 3268 decessisse
1782 3164 2109 3255 Flaccum
2134 3236 2159 3273 ,
2208 3184 2533 3257 amicum

443 3332 455 3347 x
605 3310 856 3381 tuum3
894 3296 1056 3389 plus
1095 3310 1338 3365 tamen
1381 3318 1618 3387 aequo
1659 3294 1904 3367 dolere
1936 3312 2007 3365 te
2046 3297 2243 3384 nolo.
2288 3296 2525 3385 Illud,

604 3419 692 3475 ut
720 3414 870 3475 non
905 3401 1181 3489 doleas,
1225 3401 1348 3473 vix
1395 3399 1685 3473 audebo
1724 3402 2037 3500 exigere3
2082 3421 2158 3487 et
2199 3431 2342 3479 esse
2370 3430 2531 3479 me·

601 3514 740 3583 Iius
761 3515 922 3585 scio.
949 3511 1092 3584 Sed
1123 3514 1239 3587 cui
1270 3514 1394 3585 ista
1423 3513 1943 3587 firmitas'animi
1972 3517 2382 3617 continget,
2416 3518 2529 3588 ni-

605 3619 660 3690 si
688 3620 830 3693 iam
861 3622 1180 3698 multum
1199 3648 1404 3718 supra
1431 3617 1793 3700 fortunam
1819 3628 2063 3701 elato?
2090 3630 2303 3701 Illum
2333 3654 2527 3723 quo·-

605 3752 756 3821 que
785 3732 910 3805 ista
937 3758 1044 3805 res
1066 3735 1424 3809 vellicabit
1440 3762 1473 3823 ε,
1493 3735 1622 3809 >s’ed
1644 3753 1927 3813 tantum
1957 3741 2333 3815 vellicabit.
2362 3740 2441 3815 N
2440 3767 2527 3813 o·-

603 3840 712 3917 bis
731 3860 975 3917 autem
1003 3847 1266 3945 ignosci
1294 3862 1533 3945 potest
1556 3852 1899 3948 prolapsis
1936 3851 2035 3927 ad
2058 3854 2371 3928 lacrimas
2387 3902 2413 3947 ,
2464 3837 2522 3927 si
