2809 4850
511 402 571 476 E
617 404 674 476 P
719 401 756 474 1
802 395 850 473 s
901 401 973 476 T
1023 403 1214 518 σῃ,
1259 401 1325 474 Α
1406 395 1815 480 Lxx-vt
1983 411 2130 508 267

193 561 601 658 perdiscere
624 565 750 637 vix
775 589 990 638 senex
1019 568 1358 664 possiam*
1397 571 1821 676 Quantum,
1852 559 2131 666 inquis,

195 673 618 768 proficiam?
645 689 734 730 ..:
758 677 1136 779 Quantum
1173 680 1584 750 tentaveris!
1630 679 1835 786 Quid
1875 704 2128 774 exspe-

199 799 344 856 ctas
363 784 399 854 Ρ
423 784 606 854 nulli
638 809 1067 879 sapere-casu
1097 788 1378 886 obtigit.
1416 789 1721 861 Pecunia
1742 789 1980 861 veniet
2010 793 2127 862 ul·-

197 907 359 982 tro;
402 896 637 967 honor
683 899 1043 987 obfertur3
1088 903 1304 1001 gratia
1353 925 1455 974 ac·
1486 902 1786 999 dignitas
1840 900 2124 982 fortasse

195 1003 614 1101 ingerentur
639 1007 816 1079 tibi:
875 1009 1126 1082 Virtus
1147 1011 1221 1081 in
1250 1032 1324 1085 te
1351 1035 1505 1083 non
1528 1011 1835 1086 incidet!
1865 1033 1959 1080 ne
1982 1007 2129 1082 levi

199 1112 502 1207 quidem
539 1139 752 1208 opera
778 1135 902 1188 aut
929 1145 1152 1213 parvo
1188 1119 1951 1218 laborescognoscitur:
1996 1115 2128 1190 sed

199 1237 308 1293 est
330 1222 512 1292 tanti
533 1276 555 1310 ,
590 1224 907 1296 laborare
934 1279 957 1313 ‚
990 1227 1230 1300 omnia
1256 1226 1450 1297 b'ona
1480 1228 1698 1296 semel
1730 1240 2133 1317 occupatu·
2188 1265 2195 1270 -

197 1355 306 1404 ro.
359 1329 608 1404 Unum
647 1350 750 1405 est
775 1336 967 1420 enim
989 1333 1272 1421 Bonum
1296 1385 1317 1422 ‚
1347 1335 1557 1433 quod
1588 1335 2005 1420 honestum3
2050 1333 2129 1405 in

195 1440 338 1511 illis
363 1441 543 1512 nihil
570 1444 884 1530 invenies
915 1445 1108 1535 veri,
1143 1444 1326 1518 nihil
1357 1448 1571 1536 certi,
1620 1464 2131 1540 quaecumque

195 1547 432 1622 famae
455 1553 760 1643 placent.
2168 1559 2175 1568 '

305 1660 548 1767 Quare
579 1662 719 1734 hoc
745 1685 978 1735 unum
1005 1657 1090 1736 sit
1115 1659 1400 1736 Bonum
1422 1715 1443 1751 ‚
1469 1663 1673 1758 quod
1701 1663 2128 1752 honestum,

197 1769 479 1856 dicaam
529 1773 873 1879 quon-iarn
918 1797 1170 1866 patum
1209 1799 1326 1846 me
1373 1792 1859 1866 exsequutum
1886 1775 2125 1868 priore

196 1880 495 1973 epistola
535 1879 838 1971 iudicas,
883 1881 1252 1979 magisque
1291 1883 1475 1954 hanc
1514 1907 1665 1954 rem
1702 1882 1839 1954 tibi
1878 1883 2129 1954 lauda-
2188 1964 2191 1974 A
2286 1899 2296 1924 ⁸

195 2003 350 2060 tam
377 2013 597 2083 quam
623 1992 998 2084 probatam
1024 2013 1264 2085 putas:
1301 2008 1374 2064 et
1402 1993 1477 2063 in
1503 2009 1737 2064 artum
1756 2042 1779 2081 ,
1808 2017 1995 2086 quae
2024 1992 2131 2062 di-

193 2109 316 2164 cta
339 2113 502 2166 sunt
527 2147 552 2183 ‚
591 2097 1026 2170 contraham.
1069 2097 1343 2171 Omnia
1371 2124 1502 2169 suo
1528 2098 1731 2170 bono
1758 2098 2121 2169 constantz
2196 2121 2202 2128 ·

195 2205 430 2278 vitem
467 2206 783 2280 fertilitas
809 2208 1276 2282 commendat
1303 2225 1374 2282 et
1397 2209 1777 2303 saporlvini
1797 2261 1817 2294 ,
1858 2208 2128 2278 veloci-

193 2333 306 2388 tas
329 2339 641 2408 cervum.
689 2359 760 2372 -
816 2320 1062 2424 Quare
1101 2319 1305 2392 fortia
1336 2320 1547 2392 dorso
1588 2317 1908 2391 iumenta
1948 2319 2085 2390 sint
2105 2370 2132 2409 ,

195 2428 526 2521 quaeris?
561 2468 629 2484 -
679 2431 870 2537 Quia
897 2456 1149 2502 eorum
1181 2432 1297 2502 hic
1325 2456 1513 2501 unus
1543 2448 1643 2502 est
1674 2431 2134 2533 ususssarci-

191 2562 372 2608 narn
409 2537 610 2609 ferre.
643 2539 726 2611 In
754 2562 930 2611 cane
949 2542 1272 2639 sagacitas
1311 2542 1537 2633 prima
1566 2556 1707 2626 est,
1744 2540 1799 2609 si
1838 2540 2134 2611 investi·
2184 2572 2191 2577 ·
2302 2574 2312 2581 ’

176 2627 364 2746 Εξιίε
387 2646 607 2719 debet
632 2647 844 2735 feras3
887 2674 1167 2735 cursus,
1200 2650 1253 2719 si
1293 2648 1635 2741 consequi
1660 2673 1681 2732 3
1722 2646 2045 2737 audacia,
2072 2648 2131 2717 si

194 2756 534 2827 mordere
573 2772 646 2827 et
677 2755 1030 2829 invadere.
1075 2758 1162 2827 Id
1195 2759 1268 2827 in
1293 2782 1597 2852 quoque
1632 2757 1995 2851 optimum
2024 2782 2133 2828 es-

191 2889 273 2937 se
300 2864 566 2950 debet,
605 2864 725 2935 cui
753 2868 1097 2951 nascitur,
1137 2890 1286 2957 quo
1322 2880 1667 2936 censetur.
1716 2864 1799 2933 In
1834 2866 2133 2935 homine

191 2969 575 3065 optimum
607 2971 789 3064 quid
809 2972 968 3043 est?
1002 2970 1248 3043 Ratio!
1298 2972 1426 3053 hac
1466 2970 1825 3043 antecedit
1859 2972 2131 3047 anima-

193 3081 330 3169 lia,
354 3079 548 3150 Deos
569 3081 912 3174 sequitur.
944 3082 1150 3154 Ratio
1176 3104 1343 3179 ergo
1376 3080 1722 3175 perfecta,
1751 3083 2129 3176 proprium

195 3192 522 3265 hominis
554 3191 836 3263 bonum
887 3210 1026 3278 est3
1082 3208 1312 3265 cetera
1343 3190 1448 3261 illi
1494 3216 1663 3265 cum
1710 3192 2131 3263 animalibus

199 3300 512 3393 satisque
538 3302 949 3373 communia
991 3302 1500 3373 sunt-Valet?
1526 3318 1599 3373 et
1634 3302 1913 3393 leones!
1965 3300 2133 3371 For·
2236 3314 2245 3319 “
2317 3334 2332 3353 x

203 3433 450 3484 mosus
489 3412 648 3481 est?
679 3428 753 3483 et*
774 3413 1116 3504 pavones!
1179 3409 1415 3483 Velox
1438 3410 1591 3483 est‘?
1638 3429 1713 3481 et
1736 3410 1942 3503 equi!
1972 3432 2129 3481 non

199 3518 379 3589 dico
395 3568 416 3605 ,
442 3518 517 3589 in
545 3520 650 3590 his
665 3520 1004 3590 omnibus
1030 3519 1370 3589 vincitur!
1405 3518 1577 3589 Non
1602 3540 1871 3611 quaero
1889 3568 1914 3604 ‚
1944 3515 2125 3609 quid

207 3632 290 3703 in
319 3655 392 3701 se
424 3631 821 3703 maximum
855 3633 1111 3703 habeat
1133 3683 1157 3719 ‚
1197 3631 1322 3701 sed
1356 3631 1539 3725 quid
1570 3654 1803 3703 suum.
1850 3630 2129 3725 Corpus

212 3742 478 3816 habet?
503 3744 625 3814 sed
647 3763 718 3815 et
739 3744 1050 3814 arbores!
1092 3742 1328 3813 Habet
1352 3743 1711 3834 impeturn
1738 3764 1817 3811 ac
1838 3759 2126 3821 motum

213 3853 756 3927 voluntarium?
791 3871 863 3925 et
889 3852 1166 3957 bestiae
1189 3902 1212 3938 ,
1258 3866 1330 3923 et
1365 3850 1673 3927 vermes!
1731 3848 1972 3922 Habet
1995 3873 2128 3924 vo·-
