2809 4850
686 393 831 488 284
1058 389 1142 462 L.
1188 379 1646 462 ANNAEI
1693 372 2228 460 SENECAE

686 578 795 632 tus
811 581 953 630 sum
976 583 1018 626 a
1046 555 1235 630 meis.
1276 552 1566 649 quotiens
1591 573 1638 624 α
1659 544 1924 618 medicis
1945 544 2214 616 relictus
2239 545 2270 614 Ι
2301 543 2390 615 In
2407 567 2628 640 equu-

684 673 851 740 leum
872 668 1133 766 inpositi
1156 688 1279 734 non
1302 664 1397 731 sic
1421 658 1898 730 distrahuntur.
1957 653 2240 726 Etiamsi
2278 670 2452 726 sunt
2493 677 2630 724 ve·

682 801 755 848 ra
798 777 955 864 ista,
995 770 1447 844 transierunt.
1498 765 1704 870 Quid
1747 762 1968 836 iuvat,
1999 763 2412 858 praeteritos
2469 763 2624 832 do-

680 891 863 958 loress
892 898 1273 956 setractare
1294 929 1317 967 ,
1362 893 1438 949 et
1485 875 1826 948 miserum
1873 891 2056 961 esse,
2121 873 2293 979 quia
2339 871 2624 944 fueris?

681 991 893 1102 Quid
911 1043 934 1078 ,
982 989 1187 1084 quod
1230 1011 1452 1063 nemo
1475 1008 1628 1056 non
1659 986 1980 1056 multum
2021 985 2222 1054 malis
2261 983 2406 1055 suis
2429 983 2624 1054 adii-

684 1108 823 1193 cit,
867 1119 941 1176 et
978 1103 1115 1174 sibi
1154 1101 1305 1196 ipse
1348 1096 1746 1170 mentitnr?
1801 1093 2126 1183 Deinde,
2168 1094 2380 1188 quod
2417 1117 2624 1166 acet-

686 1216 871 1286 bum
908 1211 1087 1298 fuit,
1128 1209 1446 1284 retulisse
1479 1205 1886 1279 iucundum
1931 1221 2070 1278 est:
2093 1206 2438 1278 mam-ale
2465 1219 2623 1289 est,

686 1323 857 1395 mali
898 1323 1005 1392 sui
1050 1321 1191 1394 fine
1226 1317 1551 1418 gaudere.
1603 1314 2204 1390 Circumcidenda
2241 1337 2418 1412 ergo
2461 1313 2626 1384 duo

684 1449 899 1523 sunt,
924 1449 997 1504 et
1020 1432 1245 1504 futuri
1272 1433 1526 1518 timot,
1571 1445 1646 1500 et
1677 1427 1933 1500 veteris
1955 1427 2416 1500 incommodi
2455 1449 2622 1496 me·-

687 1541 959 1614 moriaz
998 1542 1140 1614 hoc
1176 1543 1270 1614 ad
1298 1563 1417 1612 me
1455 1541 1598 1610 iam
1623 1561 1778 1611 non
1803 1539 2156 1634 pertinet,
2193 1536 2382 1610 illud
2421 1557 2621 1608 non-

691 1655 897 1726 dum.
928 1651 1013 1722 In
1049 1653 1208 1745 ipsis
1234 1653 1506 1745 positus
1531 1650 2072 1739 difficultatibus
2100 1649 2328 1720 dicat:
2415 1681 2420 1685 ·

804 1803 879 1818 -
922 1801 995 1814 —
1028 1759 1277 1833 Forsan
1304 1778 1371 1832 et
1404 1762 1560 1833 llaec
1589 1761 1742 1830 olim
1765 1763 2123 1832 meminisse
2145 1761 2446 1834 iuvabit!

691 1873 894 1946 Toto
939 1889 1193 1946 contra
1234 1872 1440 1945 illum
1486 1886 1764 1970 pugnet
1806 1873 2095 1944 animo:
2139 1873 2476 1944 vincetur
2495 1921 2522 1958 ,
2569 1870 2620 1940 si

696 1983 1007 2068 cesserim
1057 1981 1298 2054 vincet
1320 2033 1343 2070 ,
1378 1983 1434 2052 si
1473 2005 1546 2053 se
1589 1996 1837 2054 contra
1879 1980 2210 2054 dolorem
2255 2001 2474 2053 suum
2521 1980 2622 2050 in-

698 2091 1032 2164 tenderit.
1074 2091 1149 2164 N
1154 2113 1297 2163 unc
1332 2091 1474 2164 hoc
1511 2091 1842 2184 plerique
1879 2090 2189 2177 faciunt,
2229 2089 2622 2161 adtrahunt

702 2203 775 2272 in
824 2225 895 2274 se
940 2202 1262 2290 ruinam,
1309 2202 1428 2273 cui
1471 2201 1904 2274 obstandum
1949 2217 2073 2274 est.
2135 2199 2384 2290 Istud,
2413 2201 2620 2294 q'uod

698 2313 1005 2405 premit,
1046 2312 1255 2403 quod
1294 2309 1646 2404 inpendet
1669 2359 1693 2396 ,
1741 2308 1947 2403 quod
1989 2315 2229 2407 urget,
2267 2308 2325 2380 si
2347 2306 2620 2380 subdu·

700 2446 859 2493 cere
879 2440 951 2493 te
976 2419 1329 2517 coeperiS,
1358 2437 1736 2515 sequetur,
1783 2438 1857 2493 et
1891 2419 2162 2519 gravius
2195 2417 2619 2506 incumbet3

700 2529 755 2598 si
776 2544 1031 2599 contra
1072 2532 1372 2617 steteriS,
1421 2547 1496 2601 et
1539 2530 1775 2603 obniti
1813 2529 2162 2621 volueris,
2207 2530 2617 2625 repelletur.

700 2636 1031 2709 Athletae
1058 2654 1416 2731 quantum
1457 2639 1828 2737 plagarum
1863 2662 2030 2729 ore,
2075 2658 2438 2732 quantum
2461 2654 2620 2711 toto

700 2768 1003 2840 corpore
1029 2748 1401 2841 excipiunt
1420 2748 1454 2817 ?
1499 2746 1742 2822 ferunt
1765 2764 2008 2821 tamen
2041 2770 2260 2820 omne
2302 2763 2622 2819 tormen·-

706 2868 869 2925 tum
890 2904 914 2942 ‚
960 2854 1225 2950 gloriae
1250 2854 1684 2950 cupiditat03
1741 2878 1880 2927 nec
1915 2872 2242 2943 tantum,
2285 2854 2462 2948 quia
2484 2877 2623 2948 pu-

630 2956 641 2967 ’
708 2981 931 3062 gnant
953 3015 977 3051 ,
1008 2966 1134 3035 ista
1158 2964 1531 3058 patiuntur
1551 3016 1575 3052 ,
1601 2965 1724 3036 sed
1761 2983 1845 3037 ut
1867 2980 2240 3063 pugnent:
2284 2965 2624 3037 exercita-

708 3080 814 3150 tio
850 3078 999 3170 ipsa
1030 3092 1482 3149 tormentum
1523 3095 1642 3149 est.
1691 3078 1846 3150 Nos
1881 3102 2184 3174 quoque
2217 3078 2622 3152 evincamus

680 3282 687 3287 Ι
712 3187 962 3261 omnia
983 3208 1007 3274 ,·
1032 3208 1356 3279 quorum
1371 3185 1774 3279 ptaemium
1800 3208 1954 3257 non
1976 3208 2234 3287 corone
2252 3236 2275 3275 ‚
2307 3208 2448 3259 nec
2475 3188 2625 3281 pal-

713 3320 833 3367 ma
874 3312 977 3365 est
997 3344 1021 3381 ,
1066 3317 1202 3367 nec
1242 3293 1541 3366 tubicen
1573 3295 2084 3388 praedicationi
2126 3296 2448 3371 nominis
2491 3316 2624 3368 no-

712 3405 835 3479 stri
871 3406 1228 3477 silentium
1258 3405 1514 3477 faciens
1525 3432 1546 3492 3
1586 3408 1956 3484 sed'vittus
1975 3464 1998 3501 ,
2027 3428 2104 3485 et
2146 3414 2440 3487 firmitas
2472 3414 2623 3487 ani-

716 3514 867 3604 mi,
910 3530 984 3587 et
1008 3538 1149 3610 pax
1185 3516 1259 3585 in
1288 3532 1607 3589 ceterum
1651 3538 1894 3614 parta,
1935 3522 1992 3593 si
2016 3523 2352 3597 semel-in
2382 3524 2625 3621 aliquo

720 3626 1105 3697 certamine
1132 3626 1488 3700 debellata
1514 3628 1798 3702 fortuna
1835 3647 1957 3704 est.

818 3734 1167 3807 Dolorem
1208 3762 1490 3839 gravem
1533 3742 1796 3812 sentio!
1833 3782 1904 3795 --
1965 3741 2172 3849 Quid
2209 3744 2444 3843 ergo?
2475 3762 2624 3817 non

724 3846 972 3935 sentis,
1013 3849 1069 3918 ei
1093 3850 1302 3923 illum
1329 3850 1774 3951 muliebriter¹
1809 3852 2096 3927 tuleris?
2127 3847 2626 3963 Quemadmo-

2771 586 2774 746 Ι

2775 1318 2777 1468 4
