2809 4850
671 403 814 460 210
1020 377 1136 458 „L.
1181 377 1637 456 ANNAEI
1682 375 2223 456 SENECAE
2392 377 2399 388 '

669 567 894 640 quam
935 543 1334 620 dieu-actam
1366 561 1443 620 et
1476 521 1867 640 operouarri.
1915 543 2015 618 At
2040 547 2097 618 si
2124 543 2345 618 hodie
2370 541 2588 642 magis

669 655 915 754 diliges
935 705 961 744 ‚
1003 656 1405 728 err-duobus
1438 679 1669 748 aeque
1692 654 1902 732 bonis
1929 654 2127 745 viria,
2168 651 2497 727 nitidum
2518 669 2591 725 et

665 786 975 844 unctum
992 819 1016 862 ,
1037 793 1258 862 quam
1279 770 1877 864 pulverulentum
1900 785 1973 840 et
1992 769 2409 840 horrentem
2428 791 2450 853 3
2480 765 2591 838 de·

583 947 592 954 .
659 881 838 956 inde
864 880 1014 953 huc
1055 905 1286 975 usque
1323 879 1691 976 pervenies
1712 931 1737 968 ,
1768 897 1850 952 ut
1874 883 2091 980 magis
2126 881 2371 978 diligas
2402 879 2589 950 inte-

661 1019 876 1094 grum
899 994 1240 1066 omnibus
1259 993 1597 1066 membris
1621 1007 1697 1064 et
1716 993 2055 1065 inlaesum
2076 1045 2099 1081 ,
2132 1015 2357 1086 quam
2382 991 2589 1064 debi-

661 1108 810 1178 lem
853 1121 982 1178 aut
1020 1107 1336 1177 luscum:
1391 1104 1739 1200 paulatim
1781 1101 2149 1176 fastidium
2194 1119 2413 1174 tuum
2460 1102 2589 1178 illo

663 1241 897 1318 usque
923 1215 1265 1314 procedet
1281 1266 1306 1306 ,
1333 1232 1421 1288 ut
1440 1239 1531 1288 ex
1552 1215 1841 1287 duobus
1856 1238 2087 1309 aeque
2114 1213 2311 1286 iustis
2328 1237 2411 1286 ac
2424 1237 2588 1308 pru·

663 1328 1034 1417 dentibus,
1065 1343 1433 1400 comatum
1454 1342 1533 1398 et
1556 1327 1945 1422 crispulum
1970 1312 2208 1414 malis‚'
2228 1350 2451 1420 quarn
2482 1351 2591 1396 re·

662 1443 968 1514 calvum.
1016 1439 1160 1511 Ubi
1186 1461 1314 1534 par
1337 1453 1442 1510 est
1466 1440 1541 1510 in
1570 1456 1883 1531 utroque
1912 1439 2131 1510 virtus
2153 1488 2178 1525 ,
2206 1461 2363 1510 non
2388 1462 2591 1510 com-

661 1566 864 1648 paret
903 1551 1204 1625 aliarum
1251 1571 1495 1622 rerum
1542 1549 2039 1643 inaequalitas;
2095 1550 2339 1621 omnia
2388 1550 2586 1621 enim

659 1663 792 1734 alia
831 1685 984 1734 non
1011 1676 1281 1756 partes,
1327 1661 1457 1730 sed
1491 1660 1913 1731 accessiones
1944 1677 2135 1731 sunt.
2185 1658 2380 1730 Nam
2426 1660 2589 1752 quis

658 1788 810 1844 tarn
837 1772 1168 1865 iniquam
1201 1788 1567 1842 censuram
1608 1769 1798 1841 inter
1820 1793 1985 1842 suos
2012 1768 2157 1868 agit
2174 1819 2201 1858 ,
2232 1786 2319 1841 nt
2348 1769 2587 1841 filium

658 1891 954 1972 sanum,
980 1907 1199 1977 quam
1220 1905 1511 1982 aegrum
1532 1934 1555 1970 ,
1584 1882 1805 1982 magis
1836 1879 2081 1982 diligat
2098 1881 2133 1952 i·
2160 1893 2585 1977 procerum-

653 2017 749 2068 ve
775 2010 848 2065 et
875 1993 1265 2081 excelsum,
1293 2015 1515 2086 quam
1535 1992 1828 2064 brevem
1843 2009 1969 2064 aut
1998 1988 2421 2066 modicum?
2449 1994 2507 2064 F
2508 2002 2583 2090 ς’·

655 2120 773 2178 ωε
807 2128 972 2178 suos
1001 2103 1643 2203 non'distinguunt
1684 2103 1909 2194 ferae,
1961 2122 2037 2177 et
2072 2128 2145 2178 ee
2174 2104 2252 2206 in
2282 2104 2585 2180 alimen-

653 2231 822 2287 tum
867 2215 1129 2310 pariter
1179 2217 1517 2288 omnium
1566 2231 1901 2288 sternunt
1916 2241 1939 2306 ς
1994 2241 2156 2290 aves
2198 2241 2292 2289 ex
2338 2241 2581 2321 aequo

653 2327 1065 2424 partiuntur
1085 2329 1303 2399 cibos·
1347 2327 1622 2427 Ulysses
1652 2328 1746 2399 ad
1775 2329 2054 2400 Ithacae
2094 2351 2259 2400 suae
2297 2354 2461 2402 saxa
2485 2333 2583 2404 sic

651 2458 1032 2537 properat,
1068 2440 1699 2534 'quemadmodum
1737 2440 2240 2542 Agamemnon
2282 2444 2378 2514 ad
2410 2446 2583 2541 My-

653 2570 996 2622 cenarum
1015 2560 1026 2573 ‘
1045 2549 1328 2624 nobiles
1369 2576 1632 2624 muros.
1686 2554 1929 2626 Nemo
1982 2554 2179 2627 enim
2225 2557 2525 2651 patriam
2548 2610 2572 2647 ‚

653 2661 828 2754 quia
851 2684 1106 2759 magna
1146 2680 1251 2735 est
1269 2714 1294 2751 ,
1321 2683 1514 2736 amat
1539 2715 1563 2753 ‚
1598 2665 1725 2737 sed
1755 2670 1923 2760 quia
1946 2692 2087 2741 sua.
2126 2706 2199 2721 -
2250 2669 2575 2775 Quorsus

644 2765 828 2848 ‘haec
851 2776 1262 2870 pertinent?
1294 2815 1367 2831 -—
1393 2778 1495 2852 Ut
1519 2780 1715 2869 scias,
1740 2780 2106 2854 Virtutem
2132 2784 2376 2854 omnia
2404 2808 2577 2878 ope·

649 2900 769 2973 ra,
804 2888 1008 2958 velut
1037 2884 1223 2960 fetus
1246 2910 1448 2977 sum,
1492 2888 1741 2961 iisdem
1768 2891 1989 2962 oculis
2026 2892 2316 2981 intueri,
2338 2918 2575 2987 aeque

648 2996 1024 3095 indulgere
1067 2999 1439 3088 omnibus;
1491 3017 1564 3072 et
1596 3002 1892 3093 quidem
1926 3002 2326 3098 inpensiuS,
2367 3004 2575 3076 labo-

648 3110 1374 3205 rantibusrquoniam
1397 3114 1695 3207 quidem
1723 3118 1932 3189 etiam
1958 3136 2337 3213 parentum
2367 3114 2577 3213 amor

647 3228 873 3327 magis
903 3228 978 3297 in
1023 3252 1135 3319 ea,
1173 3253 1493 3322 quorum
1526 3232 1939 3321 miseretur,
1969 3218 2370 3306 inclinatur.
2401 3234 2573 3307 Vir-

647 3356 766 3414 tus
789 3360 1090 3433 quoque
1111 3362 1326 3433 opera
1353 3366 1471 3415 sua
1492 3392 1517 3429 ,
1548 3365 1734 3434 quae
1752 3343 1949 3421 videt
1962 3344 2170 3417 adfici
2193 3364 2265 3418 et
2289 3349 2527 3448 premi
2544 3398 2569 3439 ,

644 3476 804 3527 non
832 3450 1046 3551 magis
1067 3469 1257 3525 amat
1278 3504 1301 3542 ,
1326 3455 1452 3526 sed
1470 3507 1492 3544 ,
1526 3474 1905 3551 parentum
1937 3460 2298 3533 bonorum
2326 3486 2564 3554 more,

646 3564 867 3662 magis
899 3565 1376 3663 conplectitur
1397 3592 1480 3639 ac
1503 3566 1722 3641 fovet.
1764 3611 1836 3624 —
1872 3573 2118 3680 Quare
2137 3598 2290 3647 non
2318 3589 2424 3647 est
2451 3576 2569 3646 ul·-

645 3675 805 3749 lum
829 3674 1118 3753 Bonum
1151 3683 1374 3754 altero
1397 3680 1673 3755 maius?
1709 3724 1783 3739 -
1821 3684 2015 3791 Quia
2037 3712 2189 3759 non
2217 3704 2316 3758 est
2344 3686 2565 3783 quid⁴

647 3807 872 3881 quam
917 3804 1090 3889 apto
1121 3792 1390 3893 aptius,
1437 3794 1607 3896 quia
1649 3796 1865 3910 plano
1898 3795 2081 3871 nihil
2125 3814 2227 3871 est
2252 3797 2558 3894 planim-
