2809 4850
549 366 1415 444 EPISTOLA
1454 376 2135 485 Lxx·1.239

201 536 424 606 etiam
449 535 914 606 *comminuto
943 557 1242 632 eorpore
1279 537 1678 624 incolumis.
1716 541 1965 644 Manet
2002 571 2131 617 au-

203 660 402 720 tem:
443 644 786 717 virtutem
806 645 1002 717 enim
1027 647 1354 746 intelligo
1381 651 1768 722 animosam
1796 672 1867 722 et
1894 659 2130 728 excel-

201 777 352 823 sam
375 803 400 840 ‚
441 777 664 846 quam
702 752 946 825 incitat
977 753 1348 847 quidquid
1378 752 1679 829 infestat.
1732 757 1951 831 Hunc
1976 762 2131 836 ani-

199 884 454 946 mum,
490 884 708 954 quern
732 885 948 955 saepe
971 861 1294 934 induunt
1317 887 1696 960 generosae
1725 866 1983 939 indolis
2015 869 2131 940 iu-

198 993 420 1050 venes
442 1019 469 1056 ,
529 992 724 1064 quos·
768 969 1060 1042 alicuius
1116 971 1451 1042 honestae
1504 972 1605 1043 rei
1664 975 2129 1067 pulchritudo

198 1078 582 1174 percussit,
625 1093 710 1150 ut
736 1082 976 1150 omnia
1012 1080 1303 1154 fortuita
1347 1098 1853 1176 contemnant,
1891 1089 2128 1181 profee

200 1201 324 1259 cto
383 1185 752 1280 Sapientia..
788 1188 1130 1260 infundet
1166 1206 1248 1262 ‘et
1297 1193 1574 1266 tradem
1624 1199 2133 1292 persuadebit,
2229 1268 2238 1279 .

199 1319 438 1370 unum
463 1297 746 1370 Bonum
771 1321 912 1370 esse
928 1349 952 1386 ,
984 1299 1188 1390 quod
1219 1299 1640 1372 honestum·
1617 1328 1641 1390 3
1694 1303 1835 1375 hoc
1858 1328 1994 1376 nec
2016 1331 2131 1382 re-

201 1407 441 1494 mitti,
463 1429 596 1480 nec
619 1408 898 1478 intendi
921 1415 1163 1501 pos-‘263
1197 1431 1348 1484 non
1383 1414 1638 1508 magis,
1676 1437 1898 1506 quarn
1923 1439 2129 1515 regu-

198 1513 349 1585 lam
371 1563 394 1599 ,
422 1537 572 1604 qua
589 1529 867 1584 rectum
896 1515 1182 1638 probari
1205 1517 1421 1603 solet,
1448 1515 1701 1590 flectes.
1734 1520 2127 1624 Quidquid

201 1645 298 1692 ex
327 1621 447 1692 illa
473 1622 892 1710 mutaveris,
934 1623 1192 1694 iniuria
1219 1645 1324 1696 est
1362 1625 1553 1698 recti.
1593 1629 1803 1700 Idem
1838 1655 2005 1729 ergo
2032 1633 2124 1704 de

203 1727 498 1800 Virtute
519 1729 869 1801 dicemus·
912 1747 984 1802 et
1011 1731 1182 1804 haec
1210 1750 1400 1806 recta
1428 1753 1563 1820 est3
1605 1735 1945 1810 flexuram
1974 1763 2125 1813 non

197 1837 488 1932 recipit.
528 1837 808 1936 rigidari
851 1838 1151 1932 quidem
1184 1859 1453 1934 potest,
1497 1845 1803 1937 amplius
1840 1844 2123 1919 intendi

168 1943 358 2018 'non
391 1965 649 2043 potest.
700 1949 888 2020 Haec
921 1948 1026 2020 de
1060 1951 1394 2024 omnibus
1426 1950 1635 2022 rebus
1671 1950 1981 2039 iudicat,
2030 1950 2125 2022 de

195 2059 336 2130 hac
375 2061 594 2131 nulla.
640 2055 718 2130 Si
753 2059 1012 2130 rectior
1045 2061 1192 2152 ipsa
1229 2043 1380 2133 non
1420 2076 1656 2155 potest
1696 2061 1890 2148 fieri3
1942 2085 2123 2152 nec,

197 2195 394 2262 quae
416 2171 506 2242 ab
533 2169 652 2244 illa
669 2170 972 2262 quidem
999 2169 1187 2243 fiunt
1205 2219 1227 2258 ,
1261 2171 1393 2243 alia
1418 2171 1563 2242 aliis
1588 2172 1881 2243 rectiora
1912 2194 2080 2244 sunt
2090 2200 2117 2258 3

195 2279 371 2350 huic
397 2280 587 2351 enim
614 2301 892 2352 necesse
913 2295 1016 2350 est
1039 2277 1553 2405 respondeant.
1595 2278 1689 2350 ita
1715 2278 1907 2402 paria
1930 2293 2125 2356 sun't

299 2389 508 2494 Quid
531 2389 792 2489 ergo?
774 2392 1050 2485 inquis·
1067 2389 1322 2463 iacere
1349 2391 1435 2463 in
1466 2389 1837 2479 convivio,
1874 2405 1945 2463 et
1971 2411 2123 2463 tor-2

197 2500 447 2592 queri,
489 2499 696 2595 paria
705 2500 933 2573 sunt?
969 2540 1041 2553 —
1101 2500 1264 2573 Hoc
1307 2500 1573 2576 mirum
1615 2499 1901 2578 videtur
1933 2500 2121 2581 tibi?

194 2607 396 2678 Illud
441 2609 607 2680 licet
649 2606 867 2705 magis
901 2604 1292 2679 admireris,
1351 2606 1575 2687 iacere
1614 2606 1689 2677 in
1741 2606 2117 2692 convivi0,

195 2717 475 2789 malum
501 2732 636 2800 est3
682 2718 1004 2807 torqueri
1042 2716 1119 2786 in
1161 2717 1515 2808 equuleo,
1557 2716 1839 2793 bonum
1876 2731 2016 2800 est3
2064 2716 2119 2783 si

195 2826 381 2901 illud
409 2824 746 2917 turpiter,
775 2826 915 2894 hoc
948 2826 1243 2913 honeste
1270 2824 1370 2895 fit.
1414 2824 1611 2895 Bona
1640 2822 1764 2894 ista
1791 2838 1915 2895 aut
1936 2825 2123 2907 mala

197 2960 356 3011 non
390 2935 605 3007 efficit
634 2936 968 3022 materia,
1003 2936 1126 3005 sed
1151 2935 1432 3011 Virtus:
1472 2933 1642 3025 haec
1674 2934 2123 3027 ubicumque
2222 2948 2225 2951 ’

200 3047 561 3141 adparuit,
577 3046 830 3139 ‘omnia
841 3036 1179 3123 ’eiusdem
1205 3069 1573 3122 mensurae
1592 3068 1673 3116 ac
1698 3044 1905 3138 pretii
1932 3062 2121 3121 sunt.

198 3159 290 3229 In
320 3158 564 3229 oculos
581 3168 789 3230 <nunc
811 3155 989 3229 mihi
1011 3180 1266 3229 manus
1287 3154 1598 3228 intentat
1623 3153 1743 3223 ille
1762 3205 1785 3239 ,
1816 3154 1946 3246 qui
1970 3178 2125 3223 om-

198 3267 406 3337 nium
441 3265 762 3337 animum
803 3266 1124 3336 aestimat
1149 3288 1242 3337 ex
1265 3288 1397 3335 suo
1418 3314 1443 3353 ,
1487 3264 1694 3356 quod
1735 3262 1965 3333 dicam
1996 3287 2125 3355 pa·-

199 3376 300 3446 ria
341 3376 534 3447 bona
573 3400 754 3463 esse,
803 3374 1090 3448 adversa
1120 3375 1394 3445 fortiter
1427 3374 1773 3467 portantis
1794 3422 1818 3461 ,
1844 3389 1919 3445 et
1950 3396 2125 3467 pro·

199 3510 398 3578 spera
423 3486 719 3557 honeste
749 3483 1168 3569 iudicantis3
1203 3483 1411 3579 quod
1446 3483 1673 3555 dicam
1705 3482 1893 3575 paria
1924 3482 2119 3551 bona

203 3621 382 3683 esse,
411 3595 559 3667 eius
583 3594 712 3688 qui
737 3592 1163 3685 triumphat,
1202 3610 1274 3661 et
1300 3592 1451 3663 eius
1476 3594 1799 3684 quiante
1824 3613 2117 3691 eurtum

202 3706 498 3781 vehitur
535 3707 842 3782 invictus
881 3706 1164 3802 animo..
1199 3702 1375 3775 Non
1406 3718 1670 3795 putant
1704 3701 1897 3773 enim
1926 3700 2113 3789 fieri,

199 3816 568 3914 quidqu-id
602 3817 840 3893 facere
869 3837 1022 3891 non
1045 3829 1348 3911 possunt
1361 3839 1385 3901 3
1424 3838 1516 3887 ex
1554 3812 1959 3889 infirmitate
1990 3837 2113 3886 sua
