2809 4850
528 369 1331 454 EPISTOLA
1400 377 1843 455 xxvm.
2051 405 2148 481 9»

186 537 541 636 cognitio
567 537 862 610 urbium
882 587 907 625 ,
940 545 1071 608 aut
1102 537 1482 610 locorum?
1523 539 1600 610 in
1633 539 1932 611 inritum
1953 538 2150 614 cedit

188 649 341 725 ista
386 651 713 726 iactatio!
757 651 1090 758 Quaeris,
1123 675 1343 745 quare
1382 669 1460 724 te
1481 652 1648 750 fuga
1676 655 1802 724 ista
1829 675 1982 726 uon
2013 653 2148 724 ad·-

188 762 472 836 iuvet?
521 765 801 836 Tecum
847 762 1047 862 fugis.
1106 765 1320 836 Onus
1356 764 1579 838 animi
1621 763 2146 860 deponendum

192 892 311 947 est
355 880 377 948 2
427 899 583 948 non
628 895 795 950 ante
844 878 981 950 tibi
1032 879 1219 950 ullus
1258 871 1570 972 placebit
1610 878 1828 950 locu-s.
1888 877 2144 950 Talem

194 1013 421 1062 nunc
466 1015 609 1060 esse
651 989 983 1062 habitum
1022 981 1247 1062 'tuum
1282 990 1557 1089 cogita,
1599 995 1889 1086 qualem
1924 992 2146 1066 Vm-

204 1121 268 1175 G
288 1123 325 1174 1
342 1120 390 1176 1.
408 1123 438 1174 1
452 1123 506 1174 u
523 1121 558 1174 s
595 1120 835 1176 noster
859 1105 1033 1178 vatis
1058 1103 1338 1178 inducit
1363 1106 1504 1178 iam
1524 1107 1914 1180 concitatae
1943 1122 2016 1177 et
2031 1105 2142 1177 in·

202 1219 543 1318 stigatae,
584 1217 1050 1314 multumque
1092 1220 1417 1294 habentis
1446 1219 1526 1292 iu
1555 1243 1630 1292 se
1669 1219 1952 1315 spiritus
1979 1241 2138 1294 non

200 1333 320 1404 sui
340 1361 371 1406 s

306 1443 704 1516 Bacchatur
719 1461 934 1522 vates.
968 1471 1273 1541 magnmn
1298 1449 1357 1518 si
1368 1461 1626 1546 pectore
1641 1449 1847 1546 possit

308 1557 670 1624 excussisse
696 1551 934 1626 Deum.
974 1595 1045 1610 --
1072 1585 1079 1589 ’

206 1657 447 1732 Vadis.
482 1665 627 1736 huc
671 1665 890 1752 illuc,
949 1685 1031 1736 ut
1079 1665 1388 1736 excutias
1441 1665 1748 1738 insidens
1795 1662 2138 1760 ponduS,

208 1779 425 1870 quod
464 1780 607 1873 ipsa
648 1779 1033 1851 iactatione
1073 1779 1608 1852 incommodius
1656 1783 1778 1852 fit:
1832 1781 2014 1850 sicut
2056 1779 2134 1848 in

178 1896 379 1966 'navi
433 1919 649 1988 onera
700 1895 999 1965 immota
1043 1893 1279 1965 minus
1322 1915 1611 1994 urgent3
1678 1891 2140 1988 inaequaliter
2225 1955 2236 1970 ,

203 2010 604 2080 convoluta
639 2009 843 2078 citius
869 2032 1024 2078 eam
1058 2025 1381 2102 partem,
1431 2010 1506 2078 in
1535 2029 1753 2100 quam
1782 2006 2139 2076 incubue-

204 2146 334 2207 re,
378 2121 825 2220 demergunt.
874 2118 1262 2229 Quidquid
1292 2123 1454 2192 facis
1474 2171 1499 2209 ,
1549 2138 1794 2190 contra
1821 2137 1893 2191 te
1919 2119 2081 2188 facis
2107 2168 2132 2206 ,

206 2249 282 2302 et
306 2248 522 2304 motu
564 2233 720 2330 ipso
760 2255 973 2304 noces
998 2233 1179 2318 sibi3
1225 2257 1516 2330 aegrum
1547 2231 1742 2302 enim
1789 2230 2133 2301 concutis.

202 2347 349 2439 At,
391 2375 627 2447 quum
658 2350 845 2422 istud
888 2351 1227 2422 exemeris
1268 2351 1584 2439 malum,
1639 2345 1868 2420 omnis
1903 2366 2140 2418 muta-

202 2468 315 2537 tio
348 2465 491 2535 loci
514 2464 826 2539 iucunda
850 2466 1015 2546 fiet.
1068 2464 1153 2535 In
1197 2458 1480 2536 ultimas
1519 2463 1883 2559 expellaris
1921 2479 2132 2533 terras
2205 2531 2207 2534 ,

200 2576 493 2649 licebit:
545 2580 623 2649 in
657 2580 987 2673 quolibet
1023 2579 1381 2667 barbariae
1411 2582 1676 2681 angulo
1700 2579 2136 2667 conlocatis,

202 2691 569 2786 hospitalis
610 2694 743 2766 tibi
786 2697 905 2768 illa
950 2698 1500 2791 qualiscumque
1537 2700 1738 2770 sedes
1775 2696 1929 2770 erit.
1972 2694 2135 2767 Ma*

204 2806 357 2903 gis,
398 2808 563 2901 quis
592 2812 899 2900 veneris,
946 2838 1169 2907 quam
1214 2839 1412 2907 quo,
1471 2814 1802 2886 interest.
1855 2830 1929 2885 et
1962 2811 2138 2884 ideo

202 2922 394 2991 nulli
425 2924 587 2995 loco
630 2924 955 3010 ειάᾶίςεῑε
982 2926 1330 2999 debemus
1364 2925 1711 2997 animum.
1771 2927 1959 3019 Cum
1999 2928 2134 3002 hac

202 3034 661 3124 persuasione
690 3038 1084 3111 vivendum
1130 3058 1268 3111 est:
1326 3039 1498 3111 Non
1523 3062 1684 3110 sum
1711 3040 1840 3111 uni
1865 3041 2134 3137 angulo

201 3167 451 3227 natus:
484 3156 710 3255 patna
742 3178 901 3226 mea
940 3170 1137 3224 totus
1163 3152 1281 3226 hic
1310 3151 1628 3223 mundus
1658 3168 1782 3226 est.
1799 3151 2048 3259 Quod
2075 3148 2132 3221 si

200 3275 520 3367 liqueret
555 3274 736 3359 tibi,
780 3296 933 3343 non
974 3272 1408 3345 admirareris
1439 3274 1544 3343 nil
1573 3268 1890 3343 adiuvari
1919 3263 1994 3343 te
2022 3289 2155 3342 ποῶ

202 3386 508 3484 gionum
530 3386 1009 3470 varietatibus,
1038 3388 1111 3456 in
1131 3410 1301 3479 quas
1324 3383 1631 3459 subinde
1646 3386 1970 3479 priorum
1991 3400 2136 3453 tae*

128 3491 135 3500 ⁴
202 3500 333 3571 dio
355 3500 636 3596 migrasz
664 3501 893 3591 prima
914 3500 1105 3569 enim
1129 3520 1462 3592 quaeque
1479 3500 1875 3591 placuisset,
1905 3495 1960 3565 si
1977 3493 2136 3565 um·

198 3632 376 3683 nem
408 3630 617 3684 tuam
652 3612 987 3685 crederes.
1019 3612 1237 3685 Nunc
1276 3636 1428 3683 non
1469 3612 1966 3709 peregrinaris,
2008 3606 2132 3681 sed

200 3748 417 3813 erras,
454 3748 531 3801 et
560 3729 781 3826 ageris
807 3779 830 3814 ‚
874 3750 953 3799 ac
986 3730 1235 3798 locum
1276 3748 1369 3795 ex
1391 3728 1560 3795 loco
1583 3740 1854 3797 mutas:
1896 3750 2130 3821 quum

197 3836 419 3929 iilud,
450 3840 664 3935 quod
690 3839 999 3936 quaeris,
1022 3838 1223 3911 Bene
1248 3840 1520 3928 vivete,
1549 3837 1752 3910 omni
1791 3840 1954 3913 loco
1991 3864 2132 3933 po·
