2809 4850
428 362 489 436 E
535 365 595 436 P
638 363 674 438 1
721 363 769 438 s
817 365 889 438 T
936 367 1011 439 o
1060 370 1125 443 L
1168 313 1259 444 A'
1307 321 1804 454 Lxxvm.
1946 372 2092 484 '287

144 552 243 602 ca
312 529 814 626 {uenationem
832 595 847 600 -
865 532 1019 605 eius
1071 537 1429 612 tumultus
1485 561 1896 634 coquorum
1941 572 2046 628 est
2063 609 2092 649 ‚

133 639 357 732 ipsos
406 663 577 711 cum
627 640 939 713 obsoniis
1004 642 1203 721 focos
1258 647 1852 732 transferentium.
1921 661 2091 743 Hoc.

141 747 363 818 enim
391 749 532 819 iam
563 749 841 822 luxuria
873 771 1285 827 commenta
1310 773 1414 830 est
1446 786 1462 829 ε
1507 782 1602 832 ne
1626 766 1786 857 quis
1809 767 2088 868 intepe-

134 873 303 928 scat
332 857 533 930 cibus
550 908 574 945 ‚
601 883 697 930 ne
727 860 912 955 quid
938 863 1179 954 palato
1206 865 1349 936 iam
1386 870 1645 942 calloso
1679 899 1930 967 parum
1955 882 2090 957 fer-

138 982 325 1040 veat
344 1019 367 1056 ‚
396 991 699 1056 coenam
722 972 961 1042 culina
984 977 1466 1068 prosequitur.
1495 979 1568 1050 Ο
1593 981 1948 1064 infelicem
1966 1017 2085 1064 ae..

136 1080 409 1174 grum!
436 1077 1002 1171 Edetquantum
1031 1103 1483 1180 concoquat3
1528 1114 1682 1162 non
1722 1093 1980 1170 iacebit
2007 1105 2084 1174 in

136 1208 554 1284 conspectu
585 1215 757 1286 aper
778 1244 803 1280 ,
844 1197 1109 1285 utvilis
1144 1223 1305 1291 caro
1342 1227 1381 1273 a
1421 1228 1664 1278 mensa
1683 1211 2082 1308 relegatus3

137 1321 290 1370 nec
316 1297 397 1370 in
420 1301 843 1394 repositorio
864 1305 1013 1376 eius
1034 1324 1324 1400 pectora
1354 1313 1600 1386 avium
1627 1313 1864 1414 (totas
1885 1323 2080 1398 enim

134 1407 401 1480 videre
442 1409 805 1483 fastidium
852 1415 997 1509 est)
1040 1435 1373 1515 congesta
1413 1429 1821 1514 ponentur!
1866 1430 2077 1537 Quid

138 1515 280 1588 tibi
324 1517 499 1604 mali
530 1517 804 1590 factum
838 1523 1003 1600 est?
1034 1527 1381 1600 coenabis
1419 1545 1791 1628 tamquam
1829 1561 2032 1639 aeger
2052 1593 2078 1632 ,

133 1626 385 1698 immo
415 1628 811 1722 aliquando
837 1646 1210 1727 tamquam
1244 1661 1467 1710 sanus.

238 1733 395 1806 Sed
426 1737 667 1809 omnia
694 1739 821 1810 ista
842 1739 1047 1813 facile
1071 1743 1508 1840 perferemus
1526 1800 1549 1836 ,
1579 1751 2078 1848 sorbitionem,

133 1867 419 1938 aquam
458 1847 799 1938 calidam,
841 1869 915 1925 et
956 1852 1325 1948 quidquid
1374 1857 1576 1929 aliud
1622 1848 2074 1940 intolerabile

136 1953 445 2026 videtur
482 1955 793 2030 delicatis
816 1975 915 2032 -et
977 1963 1157 2032 luxu
1206 1962 1602 2040 fluentibus
1624 2019 1648 2056 ,
1709 1975 2078 2072 magisque

136 2062 397 2137 animo
432 2091 654 2163 quam
696 2095 995 2166 corpore
1026 2073 1408 2148 morbidis=
1453 2093 1736 2152 tantum
1761 2101 2078 2158 mortem

135 2177 553 2253 desinamus
578 2183 1329 2258 horrereaeDesinemus
1354 2209 1599 2261 autem
1619 2241 1642 2279 ,
1671 2191 1726 2260 si
1747 2193 1920 2266 fines
1945 2197 2078 2268 bo-

136 2311 417 2362 norum
450 2317 531 2366 ac
576 2296 931 2368 malorum
980 2296 1578 2394 cognoverimus3
1623 2297 1722 2372 ita
1768 2302 2084 2376 demum.

134 2421 273 2471 nec
298 2400 453 2474 vita
472 2404 712 2477 taedio
740 2404 871 2477 erit
888 2453 910 2495 ,
942 2430 1076 2479 nec
1100 2430 1291 2479 mors
1322 2405 1580 2479 timori„
1603 2407 1851 2484 'Vitam
1872 2415 2070 2487 enim

137 2535 499 2607 occupare
536 2519 809 2591 satietas
844 2521 953 2591 sui
984 2544 1138 2592 non
1178 2538 1420 2614 potest
1439 2572 1464 2611 ,
1511 2537 1624 2595 tot
1664 2547 1768 2595 res
1809 2528 2064 2616 varias,
2113 2569 2116 2572 ·

136 2624 471 2720 magnas,
504 2624 775 2698 divinas
820 2644 1397 2721 percensentemz
1457 2626 1535 2699 in
1581 2630 1839 2703 odium
1867 2633 2066 2707 illam
2102 2628 2111 2633 ⁶

138 2728 244 2797 sui
292 2728 664 2802 adducere
701 2736 881 2805 solet
911 2737 1094 2803 iners
1133 2736 1391 2805 otium.
1435 2734 1702 2807 Rerum
1735 2758 2066 2831 naturam

140 2839 544 2935 peragranti
575 2862 981 2933 numquam
1012 2843 1091 2916 iu
1122 2843 1488 2913 fastidium
1515 2846 1760 2917 veritas
1787 2851 2024 2922 veniet
2041 2876 2074 2939 ς’

139 2944 302 3017 falsa
334 2948 717 3043 satiabunt.
746 2948 1007 3023 Rursus
1036 3002 1059 3037 ,
1086 2946 1154 3021 si'
1171 2976 1360 3023 mors
1394 2953 1666 3023 accedit
1711 2972 1782 3025 et
1807 2978 2019 3033 vocat
2043 3012 2068 3048 ,

141 3054 309 3128 licet
352 3056 707 3129 inmatura
746 3059 869 3146 sit,
922 3061 1087 3131 licet
1134 3060 1450 3133 mediam
1491 3063 1850 3156 praecidat
1877 3086 2070 3139 aeta-

140 3177 297 3235 tem
318 3216 342 3251 ‚
390 3185 771 3262 perceptus
817 3170 1217 3267 longissime
1264 3170 1536 3244 fructus
1583 3189 1724 3243 est=
1785 3178 2068 3273 cognita

146 3288 245 3343 est
264 3272 372 3342 illi
396 3298 487 3344 ex
513 3298 765 3373 magna
790 3295 992 3371 parte
1020 3295 1302 3364 natura3
1329 3278 1456 3351 scit
1489 3296 1814 3373 tempore
1841 3286 2066 3357 hone-

144 3396 245 3454 sta
265 3407 426 3456 non
448 3408 772 3461 crescere.
806 3388 934 3457 His
954 3412 1231 3459 necesse
1255 3406 1360 3459 est
1377 3389 1604 3461 videri
1627 3416 1923 3490 omnem
1952 3395 2064 3465 vi-

147 3506 290 3565 tam
314 3494 617 3569 brevem
631 3546 654 3585 ,
682 3496 812 3589 qui
842 3496 1038 3568 illam
1056 3498 1554 3589 voluptatibus
1575 3500 1772 3571 vanis
1789 3542 1832 3589 -Υ
1849 3517 1924 3571 et
1943 3500 2058 3582 id·

150 3624 235 3671 eo
262 3603 555 3677 infinitis
574 3656 599 3697 ,
628 3607 1050 3677 metiuntur.
1168 3662 1174 3667 .

240 3713 370 3785 His
394 3732 469 3790 te
496 3716 1049 3813 cogitationibus
1060 3710 1296 3789 recrea
1315 3766 1341 3805 ‚
1379 3732 1452 3789 et
1475 3715 1766 3791 interim
1789 3722 2052 3815 episto·

147 3818 227 3893 lis
250 3826 501 3901 nostris
522 3826 856 3903 vacando.
892 3824 1157 3919 Veniet
1172 3826 1476 3925 aliquod
1501 3843 1812 3925 tempus,
1843 3830 2052 3928 quod
