2809 4850
608 335 1423 440 EPISTOLA
1511 291 1862 420 xxxi.
2043 369 2176 440 ,ομ

634 501 985 578 SENECA
1026 497 1279 570 Lucilio
1313 519 1426 567 suo
1466 499 1782 574 Salutem.

236 565 697 703 Aenosco
730 621 1087 706 Lucilium
1114 631 1408 694 meum:
1438 620 1980 716 incipit‚⁵quem
2007 649 2178 718 pro-

224 733 559 816 miserat,
598 729 977 800 exhibere!
1008 723 1329 820 Sequere
1376 728 1582 798 illurn
1626 730 1982 822 impetum
2021 732 2176 803 ani-

223 843 381 931 mi,
416 866 583 935 -quo
622 840 715 912 ad
755 839 1031 934 optima
1070 862 1405 934 quaeque
1438 891 1460 928 ,
1493 841 1767 912 calcatis
1812 843 2175 936 populari-

224 954 379 1024 bus
408 949 668 1037 bon'iS,
707 947 895 1022 ibas!
939 950 1115 1022 Non
1156 949 1486 1020 desidero
1531 949 1875 1022 maiorem
1919 952 2174 1024 melio-

236 1084 547 1152 remque
588 1078 662 1129 te
703 1059 900 1147 fieri,
942 1081 1164 1152 quam
1208 1057 1630 1130 moliebaris,
1671 1059 2171 1147 Fundamersta

240 1187 367 1242 tua
404 1170 729 1242 multum
766 1170 915 1242 loci
970 1186 1540 1263 occupaverunt:
1594 1186 1884 1243 tantum
1925 1173 2120 1244 effice
2144 1223 2170 1260 ‚

236 1272 933 1379 quantum‘couatus
978 1305 1087 1366 es;
1130 1296 1201 1350 et
1228 1277 1345 1348 illa
1365 1329 1388 1364 ,
1429 1302 1614 1373 quae
1642 1292 1886 1350 tecum
1911 1278 1988 1350 in
2015 1281 2169 1350 ani-

232 1419 367 1465 mo
396 1391 662 1480 tulisti,
702 1393 953 1464 tracta!
999 1390 1114 1461 Ad
1145 1415 1498 1465 summam
1523 1441 1548 1479 ‚
1591 1391 1862 1486 sapiens
1897 1391 2072 1483 eris,
2111 1391 2169 1464 si

236 1493 525 1583 cluseris
560 1525 793 1574 aures:
839 1501 1105 1595 quibus
1145 1524 1377 1572 ceram
1415 1527 1670 1596 parum
1719 1517 1822 1574 est
1855 1501 2162 1588 obde1e3

232 1611 553 1682 firmiore
594 1611 1054 1704 spissamento
1108 1635 1293 1706 opus
1338 1631 1444 1682 est
1464 1662 1489 1700 ,
1555 1635 1802 1706 quam.
1831 1612 1909 1682 in
1957 1611 2168 1689 sociis

234 1745 458 1792 usum
482 1719 799 1812 Ulyssem
828 1717 1089 1790 ferunt.
1132 1720 1260 1789 Illa
1286 1741 1438 1790 vox
1455 1768 1478 1806 ,
1517 1734 1704 1811 quae
1728 1717 2167 1804 timebatur,
2234 1807 2239 1816 ,

241 1843 400 1898 erat
436 1827 693 1898 blanda
720 1879 761 1916 ,‚
788 1851 943 1898 non
970 1842 1211 1898 tamen
1239 1825 1569 1920 publica:
1615 1842 1686 1894 at
1711 1825 1886 1898 haec
1909 1875 1932 1911 ,
1976 1848 2167 1918 quae

233 1934 561 2008 timenda
590 1953 734 2026 est,
775 1957 931 2007 non
972 1959 1064 2008 ex
1102 1957 1255 2007 uno
1285 1935 1628 2027 scopu10,
1673 1931 1796 2004 sed
1833 1957 1924 2004 ex
1961 1934 2166 2005 omni

235 2064 581 2119 terrarum
604 2065 803 2142 parte
822 2031 1315 2120 circumsonat.
1356 2045 1891 2118 Praetervehere
1917 2044 2166 2138 itaque

238 2182 395 2230 non
426 2182 657 2230 unum
682 2161 925 2231 locum
952 2157 1279 2228 insidiosa
1305 2145 1679 2250 voluptate
1708 2171 2116 2250 suspectum
2137 2201 2164 2241 ,

232 2267 363 2338 sed
384 2291 635 2340 omnes
654 2269 901 2355 urbes;
930 2265 1228 2339 surdum
1252 2281 1325 2336 te
1336 2265 1827 2337 amantissimis
1849 2263 1956 2335 tui
1977 2287 2165 2356 prae·

233 2398 357 2451 sta.
398 2379 603 2450 Bono
640 2379 886 2451 animo
928 2379 1114 2451 male
1144 2393 1566 2474 precantur:
1625 2393 1734 2465 et,
1779 2375 1836 2449 si
1873 2397 2022 2447 esse
2059 2373 2164 2447 vis

233 2489 445 2576 felix,
474 2488 667 2559 Deos
686 2514 847 2578 ora,
876 2512 971 2560 ne
1004 2486 1189 2583 quid
1220 2486 1357 2561 tibi
1387 2502 1484 2563 'ex
1507 2488 1651 2575 his,
1689 2510 1875 2581 quae
1906 2502 2162 2579 optans·

233 2616 354 2673 tur
378 2649 401 2685 ,
442 2598 742 2669 eveniat.
778 2598 947 2700 Nou
971 2614 1141 2668 suut
1171 2598 1297 2667 ista
1324 2595 1522 2669 bona
1543 2648 1568 2685 ,
1615 2596 1907 2691 quaein
1940 2612 2016 2667 te
2050 2594 2161 2665 isti

232 2708 495 2779 volunt
518 2708 847 2804 congeri!
898 2705 1131 2779 unum
1162 2706 1444 2778 bonum
1481 2721 1622 2793 est,
1667 2702 1874 2799 quod
1911 2704 2161 2776 beatae

234 2816 421 2885 vitae
456 2838 661 2887 causa
702 2830 775 2887 et
798 2814 1335 2886 firmamentum
1375 2830 1520 2901 est,
1559 2815 1695 2885 sibi
1722 2814 1966 2885 fidere.
1995 2810 2160 2884 Hoc
2254 2820 2260 2829 '

236 2934 481 2988 antem
504 2920 922 3017 contingere
960 2943 1115 2991 non
1139 2936 1382 3013 potest
1398 2970 1420 3005 ,
1452 2920 1600 2989 'nisi
1627 2936 2034 2991 contemtus
2059 2939 2164 2993 est

232 3028 475 3113 labor,
508 3045 583 3097 et
606 3028 685 3097 in
719 3051 974 3102 eorum
1000 3052 1309 3101 numero
1338 3026 1622 3101 habitus
1643 3078 1667 3119 ,
1713 3050 1898 3119 quae
1918 3050 2160 3120 neque

234 3135 433 3205 bona
475 3151 683 3223 sunt,
724 3160 966 3229 neque
992 3138 1191 3207 mala.
1238 3136 1421 3209 Fieri
1461 3137 1655 3208 enim
1699 3159 1854 3207 non
1877 3153 2162 3227 potest,

233 3262 319 3315 ut
349 3268 495 3314 una
524 3269 634 3315 res
664 3244 889 3317 modo
916 3247 1098 3315 mala
1121 3245 1249 3331 sit,
1279 3244 1508 3317 modo
1536 3243 1763 3329 bona3
1809 3240 2034 3313 modo
2057 3243 2164 3312 le-

236 3354 339 3423 vis
391 3362 483 3422 et'
509 3352 975 3447 perferenda,
1026 3353 1254 3425 modo
1298 3352 1850 3447 expavescenda.
1921 3351 2160 3423 Labor

232 3460 525 3531 bonum
566 3444 727 3531 non*
754 3476 895 3533 est:
944 3460 1127 3554 quid
1170 3485 1336 3559 ergo
1364 3476 1468 3531 est
1493 3443 1832 3534 bonum?
1868 3460 2162 3542 Laboris

227 3573 656 3644 contemtio,
700 3572 955 3666 Itaque
976 3623 1000 3660 ,
1042 3574 1120 3643 in
1155 3597 1426 3645 vanum
1460 3589 1795 3666 operosos
1824 3572 2158 3663 culpave·-

230 3682 412 3768 1im3
456 3708 691 3755 rursus
714 3736 739 3769 ‚
777 3682 871 3755 ad
901 3677 1199 3758 honesta
1238 3674 1588 3769 nite-ntes,
1623 3694 1900 3775 quanto
1941 3683 2156 3780 magis

228 3788 707 3865 incubuerint
723 3844 749 3885 ,
794 3791 1187 3889 minusque
1202 3792 1339 3867 sibi
1360 3792 1553 3867 vinci
1583 3815 1666 3864 ac
1693 3788 1970 3892 strigare
1992 3814 2158 3885 per·-
