2809 4850
478 377 538 452 E
582 379 639 454 P
682 376 719 449 1
764 327 933 506 εἶτ
980 381 1281 514 013A
1355 374 1813 464 Lxxvu.
1964 389 2096 497 ‘275

175 565 529 645 ruerunt,
564 574 749 643 quae
786 553 1143 646 praemitti
1174 556 1409 629 solent
1431 576 1504 630 et-
1537 553 1868 636 nuntiare
1903 590 2106 639 secu·-

182 673 385 728 turae
426 657 647 728 classis
685 659 1123 749 adventum3
1182 667 1556 738 tabellarias
1593 662 1870 742 vocant.
1927 675 2105 746 Gra·-

179 777 300 836 tus
338 765 621 838 illarum
659 766 1090 862 Campaniae
1140 771 1515 866 adspectus
1560 791 1693 864 est:
1750 779 1980 850 omnis
2017 783 2100 854 in

178 869 347 964 pilis
390 873 866 948 Puteolorum
908 876 1119 948 turba
1152 880 1507 972 consistit,
1543 902 1617 954 et
1659 908 1750 958 ex
1790 887 1940 980 ipso
1975 913 2102 986 ge-

175 1003 351 1054 nere
396 984 722 1056 velorum
760 984 1305 1078 Alexandrinas,
1352 992 1677 1084 quamvis
1726 995 1805 1065 in
1845 1023 2101 1097 magna

174 1087 391 1160 turba
421 1089 715 1161 navium
732 1141 753 1176 ,
780 1089 1155 1190 intelligit3
1190 1082 1349 1168 solis
1377 1097 1568 1169 enim
1595 1093 1762 1180 licet
1785 1091 2100 1198 siparum

174 1195 598 1283 intendere,
646 1200 855 1293 quod
900 1200 977 1270 in
1033 1204 1181 1275 alto
1233 1228 1485 1278 omnes
1533 1209 1804 1296 h'a‘bent
1859 1237 2096 1289 naves.

174 1305 401 1380 Nulla
435 1308 807 1380 *enims-es
851 1333 1081 1403 aeque
1127 1312 1418 1386 adiuvat
1467 1307 1756 1392 cursum
1787 1372 1812 1408 ,
1871 1347 2098 1415 quam

172 1431 457 1488 summa
496 1441 651 1511 pars
697 1417 883 1505 veli,
932 1419 1129 1491 illinc
1177 1424 1490 1525 maxime
1537 1427 1730 1497 navis
1778 1446 2093 1527 urgetur.

64 1611 67 1616 .
170 1526 431 1620 Itaque
460 1577 485 1618 ,
523 1526 861 1620 quotiens
882 1546 1133 1600 ventus
1156 1532 1548 1622 increbuit,
1584 1535 1951 1629 maiorque
1991 1555 2096 1610 est

171 1662 400 1731 quam
439 1637 779 1732 expedit,
818 1656 1129 1712 antenna
1159 1641 1648 1730 submittitur;
1689 1644 1925 1715 minus
1968 1647 2096 1719 ha·-

169 1746 305 1818 bet
326 1746 584 1820 virium
612 1745 821 1819 flatus
846 1773 939 1820 ex
971 1751 1248 1824 humili.
1295 1754 1554 1857 Quum
1586 1753 1933 1826 intravere
1967 1753 2098 1830 Ca-

167 1883 372 1955 preas
394 1874 467 1931 et
491 1859 1073 1955 promontorium
1090 1915 1115 1951 ‚
1144 1887 1235 1956 ex
1263 1886 1418 1958 quo
1833 1867 1838 1873 ’
2047 1883 2052 1888 “

272 1970 433 2040 Alta
452 1971 799 2070 procelloso
838 1971 1211 2072 speculatur
1243 1977 1482 2047 vertice
1508 1973 1780 2050 Pallas.

164 2087 446 2152 ceterae
498 2085 663 2153 velo
702 2083 1042 2157 iubentur
1094 2110 1238 2158 esse
1294 2103 1719 2172 contentae;
1776 2085 2090 2180 siparum

160 2190 813 2264 Alexandrinarum
838 2185 1105 2292 insigne
1138 2213 1261 2267 est.

264 2301 353 2372 In
394 2301 533 2374 hoc
572 2301 902 2374 omnium
948 2302 1257 2374 discursu
1290 2303 1845 2398 *properantium
1871 2301 1967 2374 a'd
2001 2303 2094 2376 li·-

161 2427 291 2484 tus
330 2434 661 2511 magnam
710 2434 801 2484 ex
844 2411 1121 2511 pigritia
1162 2438 1322 2485 mea
1370 2413 1552 2483 sensi
1597 2414 2093 2506 voluptatem,

161 2520 419 2615 quod,
456 2522 783 2617 epistolas
824 2546 1156 2594 meorum
1201 2539 1620 2617 accepturus
1642 2573 1665 2610 ,
1721 2546 1872 2595 non
1915 2546 2090 2617 pro-

158 2632 409 2727 peravi
444 2634 614 2703 scire
630 2684 655 2723 ,
684 2632 844 2725 quis
862 2632 1003 2705 iuic
1026 2650 1200 2705 esset
1223 2658 1464 2705 rerum
1489 2655 1812 2709 mearum
1836 2646 2087 2721 status,

160 2741 357 2837 quid
399 2740 781 2814 adferrent.
838 2741 1041 2813 Olim
1092 2744 1233 2814 iam
1273 2768 1406 2814 nec
1453 2742 1638 2835 perit
1679 2729 2088 2833 quidquam

159 2854 351 2924 mihi
369 2901 393 2939 ,
416 2872 549 2921 nec
568 2848 985 2941 adquiritur.
1026 2851 1219 2936 Hoc,
1251 2852 1461 2921 etiam
1487 2850 1542 2923 si
1563 2871 1784 2917 senex
1803 2870 1956 2918 non
1981 2872 2089 2921 es-

158 2986 317 3033 sem
336 3010 361 3049 ,
384 2956 615 3030 fuerat
640 2960 1101 3031 sentiendum
1122 2986 1144 3045 ;
1171 2984 1367 3031 nunc
1394 2980 1562 3029 vero
1585 2958 1822 3029 multo
1841 2956 2087 3053 magis,

160 3070 342 3163 quia
364 3120 387 3157 ,
439 3070 1199 3163 quantulumcumque
1236 3068 1614 3153 haberem,
1655 3084 1899 3138 tamen
1925 3071 2088 3161 plus

158 3180 313 3251 iam
352 3176 529 3247 mihi
554 3190 954 3269 superesset
982 3179 1249 3265 viatici,
1296 3200 1520 3271 quam
1548 3177 1742 3261 viae3
1783 3184 2086 3269 praeser-

157 3291 305 3361 tim
348 3312 579 3381 quum
620 3314 777 3386 earn
800 3289 987 3361 viam
1022 3290 1237 3361 simus
1264 3289 1586 3388 ingressi,
1633 3310 1854 3382 quam
1877 3312 2086 3381 pera-

157 3420 333 3498 gere
356 3417 509 3469 non
538 3413 643 3469 est
675 3398 970 3469 necesse.
1008 3399 1146 3470 Iter
1170 3397 1650 3492 inperfectum
1689 3395 1862 3482 erit,
1899 3398 1954 3466 si
1997 3398 2079 3469 in

158 3510 411 3583 media
445 3527 647 3606 parte
673 3562 703 3601 ,
742 3527 867 3582 aut
914 3512 1082 3583 citra
1120 3512 1435 3605 petitum
1477 3514 1726 3583 locum
1771 3509 2082 3598 steteri83

158 3620 309 3693 vita
335 3642 486 3691 non
514 3637 617 3691 est
634 3619 1045 3714 inperfecta,
1072 3617 1127 3689 si
1152 3623 1448 3691 honesta
1476 3636 1596 3690 est.
1609 3606 2078 3711 'Ubicumque

160 3724 480 3818 desines,
510 3728 777 3801 sibene
804 3728 1093 3817 desinis,
1124 3742 1274 3801 tota
1312 3745 1436 3800 est.
1487 3726 1712 3821 Saepe
1737 3743 2076 3822 autemet

138 3838 443 3923 ,fortiter
476 3836 955 3913 desinendum
984 3854 1087 3911 est
1107 3887 1133 3929 ,
1162 3852 1233 3912 e't
1258 3844 1414 3910 non
1438 3860 1532 3910 ex
1561 3834 1887 3915 maximis
1907 3859 2107 3913 cau-e·
