<?xml version="1.0" encoding="UTF-8"?>
<!DOCTYPE html PUBLIC "-//W3C//DTD XHTML 1.0 Transitional//EN"
    "http://www.w3.org/TR/xhtml1/DTD/xhtml1-transitional.dtd">
<html xmlns="http://www.w3.org/1999/xhtml" xml:lang="en" lang="en">
 <head>
  <title>
</title>
<meta http-equiv="Content-Type" content="text/html;charset=utf-8" />
  <meta name='ocr-system' content='tesseract 3.04.00' />
  <meta name='ocr-capabilities' content='ocr_page ocr_carea ocr_par ocr_line ocrx_word'/>
</head>
<body>
  <div class='ocr_page' id='page_1' title='image "./lannaeisenecaea01bipogoog_0162.png"; bbox 0 0 2809 4850; ppageno 0'>
   <div class='ocr_carea' id='block_1_1' title="bbox 608 309 2141 474">
    <p class='ocr_par' dir='ltr' id='par_1_1' title="bbox 608 309 2141 474">
     <span class='ocr_line' id='line_1_1' title="bbox 608 309 2141 474; baseline -0.009 -22"><span class='ocrx_word' id='word_1_1' title='bbox 608 396 745 474; x_wconf 59' lang='grc' dir='ltr'>ις,</span> <span class='ocrx_word' id='word_1_2' title='bbox 983 368 1064 442; x_wconf 82' lang='lat'>1.</span> <span class='ocrx_word' id='word_1_3' title='bbox 1114 309 1574 442; x_wconf 75' lang='lat' dir='ltr'>ANNAEr</span> <span class='ocrx_word' id='word_1_4' title='bbox 1621 360 2141 440; x_wconf 76' lang='lat' dir='ltr'>SENECAE</span> 
     </span>
    </p>
   </div>
   <div class='ocr_carea' id='block_1_2' title="bbox 562 523 2588 2605">
    <p class='ocr_par' dir='ltr' id='par_1_2' title="bbox 562 523 2532 1047">
     <span class='ocr_line' id='line_1_2' title="bbox 562 523 2532 625; baseline -0.002 -21"><span class='ocrx_word' id='word_1_5' title='bbox 562 532 689 606; x_wconf 75' lang='lat' dir='ltr'>‘sit</span> <span class='ocrx_word' id='word_1_6' title='bbox 710 530 990 608; x_wconf 71' lang='lat' dir='ltr'>libertas</span> <span class='ocrx_word' id='word_1_7' title='bbox 1010 579 1035 620; x_wconf 87' lang='lat'>‚</span> <span class='ocrx_word' id='word_1_8' title='bbox 1074 528 1397 625; x_wconf 70' lang='lat' dir='ltr'>quaeris?</span> <span class='ocrx_word' id='word_1_9' title='bbox 1445 523 1654 604; x_wconf 83' lang='lat' dir='ltr'><strong>Nulli</strong></span> <span class='ocrx_word' id='word_1_10' title='bbox 1679 525 1782 600; x_wconf 84' lang='lat' dir='ltr'>rei</span> <span class='ocrx_word' id='word_1_11' title='bbox 1819 525 2110 616; x_wconf 76' lang='lat' dir='ltr'>servire,</span> <span class='ocrx_word' id='word_1_12' title='bbox 2157 525 2346 600; x_wconf 84' lang='lat' dir='ltr'>nulli</span> <span class='ocrx_word' id='word_1_13' title='bbox 2391 547 2532 600; x_wconf 83' lang='lat' dir='ltr'>ne-</span> 
     </span>
     <span class='ocr_line' id='line_1_3' title="bbox 602 633 2528 728; baseline -0.005 -14"><span class='ocrx_word' id='word_1_14' title='bbox 602 640 899 718; x_wconf 74' lang='lat' dir='ltr'>cessitati</span> <span class='ocrx_word' id='word_1_15' title='bbox 918 689 943 728; x_wconf 86' lang='lat'><strong><em>‚</em></strong></span> <span class='ocrx_word' id='word_1_16' title='bbox 974 633 1187 717; x_wconf 74' lang='lat' dir='ltr'>nullis</span> <span class='ocrx_word' id='word_1_17' title='bbox 1208 635 1482 710; x_wconf 78' lang='lat' dir='ltr'>casibus</span> <span class='ocrx_word' id='word_1_18' title='bbox 1495 661 1520 724; x_wconf 79' lang='lat'>3</span> <span class='ocrx_word' id='word_1_19' title='bbox 1565 637 1930 710; x_wconf 82' lang='lat' dir='ltr'>fortunam</span> <span class='ocrx_word' id='word_1_20' title='bbox 1959 637 2034 706; x_wconf 88' lang='lat' dir='ltr'>in</span> <span class='ocrx_word' id='word_1_21' title='bbox 2051 658 2374 728; x_wconf 87' lang='lat' dir='ltr'>aequum</span> <span class='ocrx_word' id='word_1_22' title='bbox 2397 634 2528 706; x_wconf 51' lang='lat' dir='ltr'>dez</span> 
     </span>
     <span class='ocr_line' id='line_1_4' title="bbox 602 745 2524 843; baseline -0.003 -21"><span class='ocrx_word' id='word_1_23' title='bbox 602 750 909 830; x_wconf 83' lang='lat' dir='ltr'>ducere:</span> <span class='ocrx_word' id='word_1_24' title='bbox 960 773 1117 843; x_wconf 89' lang='lat' dir='ltr'>quo</span> <span class='ocrx_word' id='word_1_25' title='bbox 1155 747 1279 822; x_wconf 89' lang='lat' dir='ltr'>die</span> <span class='ocrx_word' id='word_1_26' title='bbox 1314 747 1436 820; x_wconf 90' lang='lat' dir='ltr'>illa</span> <span class='ocrx_word' id='word_1_27' title='bbox 1471 751 1596 818; x_wconf 78' lang='lat' dir='ltr'>rne</span> <span class='ocrx_word' id='word_1_28' title='bbox 1625 745 2045 818; x_wconf 80' lang='lat' dir='ltr'><strong>intellexero</strong></span> <span class='ocrx_word' id='word_1_29' title='bbox 2077 746 2244 838; x_wconf 87' lang='lat' dir='ltr'>plus</span> <span class='ocrx_word' id='word_1_30' title='bbox 2271 767 2524 838; x_wconf 82' lang='lat' dir='ltr'>posse,</span> 
     </span>
     <span class='ocr_line' id='line_1_5' title="bbox 598 853 2524 960; baseline -0.002 -26"><span class='ocrx_word' id='word_1_31' title='bbox 598 863 717 943; x_wconf 68' lang='lat' dir='ltr'>nil·</span> <span class='ocrx_word' id='word_1_32' title='bbox 729 862 1009 957; x_wconf 83' lang='lat' dir='ltr'>poterit.</span> <span class='ocrx_word' id='word_1_33' title='bbox 1040 857 1189 960; x_wconf 83' lang='lat' dir='ltr'>Ego</span> <span class='ocrx_word' id='word_1_34' title='bbox 1212 858 1416 932; x_wconf 86' lang='lat' dir='ltr'>illam</span> <span class='ocrx_word' id='word_1_35' title='bbox 1443 853 1695 946; x_wconf 82' lang='lat' dir='ltr'>feram,</span> <span class='ocrx_word' id='word_1_36' title='bbox 1716 879 1954 950; x_wconf 82' lang='lat' dir='ltr'>quum</span> <span class='ocrx_word' id='word_1_37' title='bbox 1975 855 2052 928; x_wconf 84' lang='lat' dir='ltr'>in</span> <span class='ocrx_word' id='word_1_38' title='bbox 2079 878 2301 943; x_wconf 83' lang='lat' dir='ltr'>manu</span> <span class='ocrx_word' id='word_1_39' title='bbox 2327 879 2524 930; x_wconf 74' lang='lat' dir='ltr'>mors</span> 
     </span>
     <span class='ocr_line' id='line_1_6' title="bbox 596 972 741 1047; baseline -0.028 0"><span class='ocrx_word' id='word_1_40' title='bbox 596 975 687 1047; x_wconf 75' lang='lat' dir='ltr'>sit</span> <span class='ocrx_word' id='word_1_41' title='bbox 703 972 741 1042; x_wconf 72' lang='grc' dir='ltr'>Ρ</span> 
     </span>
    </p>

    <p class='ocr_par' dir='ltr' id='par_1_3' title="bbox 598 1067 2588 2605">
     <span class='ocr_line' id='line_1_7' title="bbox 624 1067 2588 1188; baseline -0.005 -34"><span class='ocrx_word' id='word_1_42' title='bbox 624 1067 628 1072; x_wconf 56' lang='grc'>’</span> <span class='ocrx_word' id='word_1_43' title='bbox 699 1081 831 1156; x_wconf 66' lang='lat' dir='ltr'>His</span> <span class='ocrx_word' id='word_1_44' title='bbox 875 1079 1430 1188; x_wconf 70' lang='lat' dir='ltr'>cogitationibus</span> <span class='ocrx_word' id='word_1_45' title='bbox 1468 1079 1836 1158; x_wconf 82' lang='lat' dir='ltr'>intentum</span> <span class='ocrx_word' id='word_1_46' title='bbox 1857 1080 2018 1152; x_wconf 84' lang='lat' dir='ltr'>loca</span> <span class='ocrx_word' id='word_1_47' title='bbox 2047 1076 2224 1153; x_wconf 82' lang='lat' dir='ltr'>seria</span> <span class='ocrx_word' id='word_1_48' title='bbox 2249 1093 2526 1150; x_wconf 76' lang='lat' dir='ltr'>sancta-</span> <span class='ocrx_word' id='word_1_49' title='bbox 2578 1135 2588 1144; x_wconf 89' lang='lat'><strong>.</strong></span> 
     </span>
     <span class='ocr_line' id='line_1_8' title="bbox 600 1185 2527 1290; baseline -0.003 -26"><span class='ocrx_word' id='word_1_50' title='bbox 600 1215 751 1286; x_wconf 81' lang='lat' dir='ltr'>que</span> <span class='ocrx_word' id='word_1_51' title='bbox 776 1191 1032 1290; x_wconf 79' lang='lat' dir='ltr'>eligere</span> <span class='ocrx_word' id='word_1_52' title='bbox 1070 1207 1378 1285; x_wconf 84' lang='lat' dir='ltr'>oportet.</span> <span class='ocrx_word' id='word_1_53' title='bbox 1423 1185 1806 1264; x_wconf 79' lang='lat' dir='ltr'>Effeminat</span> <span class='ocrx_word' id='word_1_54' title='bbox 1827 1189 2104 1266; x_wconf 78' lang='lat' dir='ltr'>animos</span> <span class='ocrx_word' id='word_1_55' title='bbox 2133 1187 2527 1262; x_wconf 75' lang='lat' dir='ltr'>amoenitas</span> 
     </span>
     <span class='ocr_line' id='line_1_9' title="bbox 600 1295 2526 1396; baseline -0.004 -20"><span class='ocrx_word' id='word_1_56' title='bbox 600 1303 865 1394; x_wconf 71' lang='lat' dir='ltr'>nimia3</span> <span class='ocrx_word' id='word_1_57' title='bbox 892 1315 1026 1380; x_wconf 80' lang='lat' dir='ltr'>nec</span> <span class='ocrx_word' id='word_1_58' title='bbox 1065 1300 1288 1374; x_wconf 88' lang='lat' dir='ltr'>dubie</span> <span class='ocrx_word' id='word_1_59' title='bbox 1325 1300 1603 1396; x_wconf 87' lang='lat' dir='ltr'>aliquid</span> <span class='ocrx_word' id='word_1_60' title='bbox 1637 1295 1734 1372; x_wconf 86' lang='lat' dir='ltr'>ad</span> <span class='ocrx_word' id='word_1_61' title='bbox 1757 1298 2380 1394; x_wconf 83' lang='lat' dir='ltr'>corrumpendum</span> <span class='ocrx_word' id='word_1_62' title='bbox 2411 1297 2526 1371; x_wconf 86' lang='lat' dir='ltr'>vi-</span> 
     </span>
     <span class='ocr_line' id='line_1_10' title="bbox 598 1406 2522 1515; baseline -0.001 -34"><span class='ocrx_word' id='word_1_63' title='bbox 598 1433 849 1506; x_wconf 82' lang='lat' dir='ltr'>gorem</span> <span class='ocrx_word' id='word_1_64' title='bbox 900 1423 1140 1503; x_wconf 80' lang='lat' dir='ltr'>potest</span> <span class='ocrx_word' id='word_1_65' title='bbox 1182 1406 1394 1506; x_wconf 84' lang='lat' dir='ltr'>regio.</span> <span class='ocrx_word' id='word_1_66' title='bbox 1464 1409 1894 1515; x_wconf 77' lang='lat' dir='ltr'>Quamlibet</span> <span class='ocrx_word' id='word_1_67' title='bbox 1953 1408 2142 1480; x_wconf 83' lang='lat' dir='ltr'>viam</span> <span class='ocrx_word' id='word_1_68' title='bbox 2195 1408 2522 1480; x_wconf 86' lang='lat' dir='ltr'>iumenta</span> 
     </span>
     <span class='ocr_line' id='line_1_11' title="bbox 598 1513 2520 1618; baseline -0.001 -27"><span class='ocrx_word' id='word_1_69' title='bbox 598 1521 979 1614; x_wconf 85' lang='lat' dir='ltr'>patiuntur</span> <span class='ocrx_word' id='word_1_70' title='bbox 989 1565 1029 1606; x_wconf 79' lang='lat'>‚·</span> <span class='ocrx_word' id='word_1_71' title='bbox 1056 1542 1371 1611; x_wconf 84' lang='lat' dir='ltr'>qnorum</span> <span class='ocrx_word' id='word_1_72' title='bbox 1408 1518 1658 1590; x_wconf 87' lang='lat' dir='ltr'>durata</span> <span class='ocrx_word' id='word_1_73' title='bbox 1701 1520 1778 1616; x_wconf 83' lang='lat' dir='ltr'>in</span> <span class='ocrx_word' id='word_1_74' title='bbox 1805 1513 2054 1613; x_wconf 84' lang='lat' dir='ltr'>aspero</span> <span class='ocrx_word' id='word_1_75' title='bbox 2079 1520 2348 1618; x_wconf 84' lang='lat' dir='ltr'>ungula</span> <span class='ocrx_word' id='word_1_76' title='bbox 2375 1535 2520 1606; x_wconf 66' lang='grc' dir='ltr'>θεῖς</span> 
     </span>
     <span class='ocr_line' id='line_1_12' title="bbox 600 1628 2550 1730; baseline -0.003 -25"><span class='ocrx_word' id='word_1_77' title='bbox 600 1628 933 1705; x_wconf 82' lang='lat' dir='ltr'>in-.molli</span> <span class='ocrx_word' id='word_1_78' title='bbox 970 1628 1410 1724; x_wconf 79' lang='lat' dir='ltr'>palustrique</span> <span class='ocrx_word' id='word_1_79' title='bbox 1444 1653 1708 1722; x_wconf 86' lang='lat' dir='ltr'>pascuo</span> <span class='ocrx_word' id='word_1_80' title='bbox 1749 1631 2053 1729; x_wconf 73' lang='lat' dir='ltr'>saginata</span> <span class='ocrx_word' id='word_1_81' title='bbox 2081 1630 2230 1718; x_wconf 69' lang='lat' dir='ltr'>cito</span> <span class='ocrx_word' id='word_1_82' title='bbox 2270 1629 2550 1730; x_wconf 54' lang='lat' dir='ltr'>subm-0</span> 
     </span>
     <span class='ocr_line' id='line_1_13' title="bbox 599 1739 2520 1840; baseline -0.003 -26"><span class='ocrx_word' id='word_1_83' title='bbox 599 1758 901 1814; x_wconf 84' lang='lat' dir='ltr'>runtur:</span> <span class='ocrx_word' id='word_1_84' title='bbox 947 1755 1023 1812; x_wconf 90' lang='lat' dir='ltr'>et</span> <span class='ocrx_word' id='word_1_85' title='bbox 1054 1739 1309 1814; x_wconf 81' lang='lat' dir='ltr'>fortior</span> <span class='ocrx_word' id='word_1_86' title='bbox 1345 1741 1548 1812; x_wconf 78' lang='lat' dir='ltr'>miles</span> <span class='ocrx_word' id='word_1_87' title='bbox 1575 1765 1666 1812; x_wconf 81' lang='lat' dir='ltr'>ex</span> <span class='ocrx_word' id='word_1_88' title='bbox 1704 1740 2122 1840; x_wconf 72' lang='lat' dir='ltr'>confragoso</span> <span class='ocrx_word' id='word_1_89' title='bbox 2144 1739 2384 1825; x_wconf 82' lang='lat' dir='ltr'>venit3</span> <span class='ocrx_word' id='word_1_90' title='bbox 2407 1763 2520 1810; x_wconf 77' lang='lat' dir='ltr'>se-</span> 
     </span>
     <span class='ocr_line' id='line_1_14' title="bbox 598 1851 2524 1949; baseline 0 -27"><span class='ocrx_word' id='word_1_91' title='bbox 598 1851 757 1949; x_wconf 69' lang='lat' dir='ltr'>gnis</span> <span class='ocrx_word' id='word_1_92' title='bbox 780 1865 883 1922; x_wconf 78' lang='lat' dir='ltr'>est</span> <span class='ocrx_word' id='word_1_93' title='bbox 910 1851 1223 1924; x_wconf 73' lang='lat' dir='ltr'>urbanus</span> <span class='ocrx_word' id='word_1_94' title='bbox 1252 1871 1329 1924; x_wconf 86' lang='lat' dir='ltr'>et</span> <span class='ocrx_word' id='word_1_95' title='bbox 1350 1874 1582 1922; x_wconf 83' lang='lat' dir='ltr'>verna.</span> <span class='ocrx_word' id='word_1_96' title='bbox 1623 1851 1932 1924; x_wconf 85' lang='lat' dir='ltr'>Nullum</span> <span class='ocrx_word' id='word_1_97' title='bbox 1967 1853 2288 1924; x_wconf 86' lang='lat' dir='ltr'>laborem</span> <span class='ocrx_word' id='word_1_98' title='bbox 2315 1873 2524 1923; x_wconf 87' lang='lat' dir='ltr'>recu-</span> 
     </span>
     <span class='ocr_line' id='line_1_15' title="bbox 598 1957 2524 2054; baseline 0.003 -24"><span class='ocrx_word' id='word_1_99' title='bbox 598 1975 755 2030; x_wconf 69' lang='lat' dir='ltr'>sant</span> <span class='ocrx_word' id='word_1_100' title='bbox 794 1982 1044 2030; x_wconf 85' lang='lat' dir='ltr'>manus</span> <span class='ocrx_word' id='word_1_101' title='bbox 1061 2009 1085 2044; x_wconf 86' lang='lat'>,</span> <span class='ocrx_word' id='word_1_102' title='bbox 1130 1982 1317 2054; x_wconf 88' lang='lat' dir='ltr'>quae</span> <span class='ocrx_word' id='word_1_103' title='bbox 1348 1958 1442 2029; x_wconf 85' lang='lat' dir='ltr'>ad</span> <span class='ocrx_word' id='word_1_104' title='bbox 1480 1985 1670 2030; x_wconf 85' lang='lat' dir='ltr'>arma</span> <span class='ocrx_word' id='word_1_105' title='bbox 1695 1959 1790 2030; x_wconf 90' lang='lat' dir='ltr'>ab</span> <span class='ocrx_word' id='word_1_106' title='bbox 1823 1974 2053 2032; x_wconf 85' lang='lat' dir='ltr'>aratro</span> <span class='ocrx_word' id='word_1_107' title='bbox 2083 1957 2524 2036; x_wconf 80' lang='lat' dir='ltr'>transferun-</span> 
     </span>
     <span class='ocr_line' id='line_1_16' title="bbox 604 2067 2525 2163; baseline 0 -26"><span class='ocrx_word' id='word_1_108' title='bbox 604 2090 765 2140; x_wconf 84' lang='lat' dir='ltr'>tur:</span> <span class='ocrx_word' id='word_1_109' title='bbox 804 2068 881 2158; x_wconf 85' lang='lat' dir='ltr'>in</span> <span class='ocrx_word' id='word_1_110' title='bbox 926 2070 1163 2160; x_wconf 86' lang='lat' dir='ltr'>primo</span> <span class='ocrx_word' id='word_1_111' title='bbox 1204 2069 1448 2140; x_wconf 81' lang='lat' dir='ltr'>deficit</span> <span class='ocrx_word' id='word_1_112' title='bbox 1473 2071 1770 2163; x_wconf 83' lang='lat' dir='ltr'>pulvere</span> <span class='ocrx_word' id='word_1_113' title='bbox 1793 2068 1914 2142; x_wconf 90' lang='lat' dir='ltr'>ille</span> <span class='ocrx_word' id='word_1_114' title='bbox 1945 2086 2204 2142; x_wconf 84' lang='lat' dir='ltr'>unctus</span> <span class='ocrx_word' id='word_1_115' title='bbox 2244 2085 2318 2140; x_wconf 90' lang='lat' dir='ltr'>et</span> <span class='ocrx_word' id='word_1_116' title='bbox 2347 2067 2525 2138; x_wconf 86' lang='lat' dir='ltr'>niti-</span> 
     </span>
     <span class='ocr_line' id='line_1_17' title="bbox 606 2173 2521 2276; baseline 0 -28"><span class='ocrx_word' id='word_1_117' title='bbox 606 2178 761 2248; x_wconf 74' lang='lat' dir='ltr'><strong>dus.</strong></span> <span class='ocrx_word' id='word_1_118' title='bbox 814 2173 1143 2250; x_wconf 77' lang='lat' dir='ltr'>Severior</span> <span class='ocrx_word' id='word_1_119' title='bbox 1195 2178 1335 2249; x_wconf 86' lang='lat' dir='ltr'>loci</span> <span class='ocrx_word' id='word_1_120' title='bbox 1394 2178 1758 2272; x_wconf 75' lang='lat' dir='ltr'>disciplina</span> <span class='ocrx_word' id='word_1_121' title='bbox 1807 2179 2054 2250; x_wconf 78' lang='lat' dir='ltr'>firmat·</span> <span class='ocrx_word' id='word_1_122' title='bbox 2096 2178 2521 2276; x_wconf 85' lang='lat' dir='ltr'>ingenium,</span> 
     </span>
     <span class='ocr_line' id='line_1_18' title="bbox 602 2287 2523 2385; baseline -0.001 -27"><span class='ocrx_word' id='word_1_123' title='bbox 602 2303 1014 2380; x_wconf 87' lang='lat' dir='ltr'>aptumque</span> <span class='ocrx_word' id='word_1_124' title='bbox 1064 2287 1331 2385; x_wconf 79' lang='lat' dir='ltr'>magnis</span> <span class='ocrx_word' id='word_1_125' title='bbox 1370 2291 1748 2360; x_wconf 76' lang='lat' dir='ltr'>conatibus</span> <span class='ocrx_word' id='word_1_126' title='bbox 1777 2288 2035 2360; x_wconf 85' lang='lat' dir='ltr'>reddit.</span> <span class='ocrx_word' id='word_1_127' title='bbox 2081 2289 2348 2360; x_wconf 82' lang='lat' dir='ltr'>Literni</span> <span class='ocrx_word' id='word_1_128' title='bbox 2391 2288 2523 2358; x_wconf 80' lang='lat' dir='ltr'>ho-</span> 
     </span>
     <span class='ocr_line' id='line_1_19' title="bbox 604 2391 2522 2492; baseline -0.001 -23"><span class='ocrx_word' id='word_1_129' title='bbox 604 2396 872 2469; x_wconf 73' lang='lat' dir='ltr'>nestius</span> <span class='ocrx_word' id='word_1_130' title='bbox 908 2391 1147 2492; x_wconf 88' lang='lat' dir='ltr'>Scipio</span> <span class='ocrx_word' id='word_1_131' title='bbox 1170 2448 1193 2483; x_wconf 93' lang='lat'>‚</span> <span class='ocrx_word' id='word_1_132' title='bbox 1230 2419 1448 2490; x_wconf 87' lang='lat' dir='ltr'>quam</span> <span class='ocrx_word' id='word_1_133' title='bbox 1473 2395 1648 2468; x_wconf 82' lang='lat' dir='ltr'>Baiis</span> <span class='ocrx_word' id='word_1_134' title='bbox 1675 2398 2074 2471; x_wconf 71' lang='lat' dir='ltr'>exsulabat:</span> <span class='ocrx_word' id='word_1_135' title='bbox 2124 2397 2328 2471; x_wconf 85' lang='lat' dir='ltr'>ruina</span> <span class='ocrx_word' id='word_1_136' title='bbox 2366 2398 2522 2469; x_wconf 78' lang='lat' dir='ltr'>eius</span> 
     </span>
     <span class='ocr_line' id='line_1_20' title="bbox 602 2508 2524 2605; baseline -0.001 -25"><span class='ocrx_word' id='word_1_137' title='bbox 602 2529 761 2581; x_wconf 84' lang='lat' dir='ltr'>non</span> <span class='ocrx_word' id='word_1_138' title='bbox 785 2526 888 2578; x_wconf 72' lang='lat' dir='ltr'>eat</span> <span class='ocrx_word' id='word_1_139' title='bbox 914 2525 1061 2579; x_wconf 88' lang='lat' dir='ltr'>tam</span> <span class='ocrx_word' id='word_1_140' title='bbox 1088 2508 1401 2579; x_wconf 86' lang='lat' dir='ltr'>molliter</span> <span class='ocrx_word' id='word_1_141' title='bbox 1428 2510 1892 2595; x_wconf 83' lang='lat' dir='ltr'>conlocanda.</span> <span class='ocrx_word' id='word_1_142' title='bbox 1927 2510 2037 2581; x_wconf 91' lang='lat' dir='ltr'>Illi</span> <span class='ocrx_word' id='word_1_143' title='bbox 2063 2533 2364 2605; x_wconf 86' lang='lat' dir='ltr'>quoque</span> <span class='ocrx_word' id='word_1_144' title='bbox 2381 2558 2404 2597; x_wconf 91' lang='lat'><strong>,</strong></span> <span class='ocrx_word' id='word_1_145' title='bbox 2423 2508 2524 2580; x_wconf 88' lang='lat' dir='ltr'>ad·</span> 
     </span>
    </p>
   </div>
   <div class='ocr_carea' id='block_1_3' title="bbox 490 2614 2522 2715">
    <p class='ocr_par' dir='ltr' id='par_1_4' title="bbox 490 2614 2522 2715">
     <span class='ocr_line' id='line_1_21' title="bbox 490 2614 2522 2715; baseline 0.006 -36"><span class='ocrx_word' id='word_1_146' title='bbox 490 2668 502 2679; x_wconf 81' lang='grc'><em>.</em></span> <span class='ocrx_word' id='word_1_147' title='bbox 604 2640 793 2709; x_wconf 82' lang='lat' dir='ltr'>quos</span> <span class='ocrx_word' id='word_1_148' title='bbox 814 2616 1081 2711; x_wconf 76' lang='lat' dir='ltr'>primos</span> <span class='ocrx_word' id='word_1_149' title='bbox 1096 2614 1381 2689; x_wconf 88' lang='lat' dir='ltr'>fortuna</span> <span class='ocrx_word' id='word_1_150' title='bbox 1401 2618 1704 2693; x_wconf 85' lang='lat' dir='ltr'>Romani</span> <span class='ocrx_word' id='word_1_151' title='bbox 1727 2620 1984 2713; x_wconf 88' lang='lat' dir='ltr'>populi</span> <span class='ocrx_word' id='word_1_152' title='bbox 2001 2620 2318 2715; x_wconf 75' lang='lat' dir='ltr'>publicas</span> <span class='ocrx_word' id='word_1_153' title='bbox 2342 2640 2522 2713; x_wconf 79' lang='lat' dir='ltr'>opes</span> 
     </span>
    </p>
   </div>
   <div class='ocr_carea' id='block_1_4' title="bbox 603 2724 2640 3927">
    <p class='ocr_par' dir='ltr' id='par_1_5' title="bbox 603 2724 2640 3927">
     <span class='ocr_line' id='line_1_22' title="bbox 603 2724 2518 2823; baseline 0.001 -26"><span class='ocrx_word' id='word_1_154' title='bbox 603 2724 963 2797; x_wconf 71' lang='lat' dir='ltr'><strong>transtulit</strong></span> <span class='ocrx_word' id='word_1_155' title='bbox 982 2775 1007 2813; x_wconf 90' lang='lat'>,</span> <span class='ocrx_word' id='word_1_156' title='bbox 1036 2725 1115 2797; x_wconf 89' lang='lat' dir='ltr'>C.</span> <span class='ocrx_word' id='word_1_157' title='bbox 1150 2725 1412 2797; x_wconf 81' lang='lat' dir='ltr'>Marius</span> <span class='ocrx_word' id='word_1_158' title='bbox 1443 2742 1516 2798; x_wconf 82' lang='lat' dir='ltr'>et</span> <span class='ocrx_word' id='word_1_159' title='bbox 1546 2726 1680 2802; x_wconf 88' lang='lat' dir='ltr'>Cn.</span> <span class='ocrx_word' id='word_1_160' title='bbox 1709 2730 2091 2823; x_wconf 78' lang='lat' dir='ltr'>Pompeius</span> <span class='ocrx_word' id='word_1_161' title='bbox 2119 2746 2192 2801; x_wconf 91' lang='lat' dir='ltr'>et</span> <span class='ocrx_word' id='word_1_162' title='bbox 2222 2729 2518 2817; x_wconf 76' lang='lat' dir='ltr'>Caesar,</span> 
     </span>
     <span class='ocr_line' id='line_1_23' title="bbox 606 2836 2521 2939; baseline 0 -30"><span class='ocrx_word' id='word_1_163' title='bbox 606 2854 1113 2911; x_wconf 78' lang='lat' dir='ltr'>exstruxerunt</span> <span class='ocrx_word' id='word_1_164' title='bbox 1156 2836 1462 2931; x_wconf 86' lang='lat' dir='ltr'>quidem</span> <span class='ocrx_word' id='word_1_165' title='bbox 1507 2840 1702 2909; x_wconf 81' lang='lat' dir='ltr'>villas</span> <span class='ocrx_word' id='word_1_166' title='bbox 1745 2838 1822 2909; x_wconf 91' lang='lat' dir='ltr'>in</span> <span class='ocrx_word' id='word_1_167' title='bbox 1873 2838 2163 2939; x_wconf 83' lang='lat' dir='ltr'>regione</span> <span class='ocrx_word' id='word_1_168' title='bbox 2218 2839 2469 2916; x_wconf 78' lang='lat' dir='ltr'>Baiana</span> <span class='ocrx_word' id='word_1_169' title='bbox 2491 2888 2521 2927; x_wconf 90' lang='lat'>,</span> 
     </span>
     <span class='ocr_line' id='line_1_24' title="bbox 604 2948 2522 3047; baseline 0 -26"><span class='ocrx_word' id='word_1_170' title='bbox 604 2948 733 3021; x_wconf 67' lang='lat' dir='ltr'>sed</span> <span class='ocrx_word' id='word_1_171' title='bbox 762 2949 909 3019; x_wconf 75' lang='lat' dir='ltr'>illas</span> <span class='ocrx_word' id='word_1_172' title='bbox 940 2951 1412 3042; x_wconf 74' lang='lat' dir='ltr'>inposuerunt</span> <span class='ocrx_word' id='word_1_173' title='bbox 1443 2952 1735 3023; x_wconf 75' lang='lat' dir='ltr'>summis</span> <span class='ocrx_word' id='word_1_174' title='bbox 1760 2949 1941 3047; x_wconf 73' lang='lat' dir='ltr'>iugis</span> <span class='ocrx_word' id='word_1_175' title='bbox 1959 2948 2342 3022; x_wconf 86' lang='lat' dir='ltr'>montium.</span> <span class='ocrx_word' id='word_1_176' title='bbox 2389 2949 2522 3022; x_wconf 84' lang='lat' dir='ltr'>Vi-</span> 
     </span>
     <span class='ocr_line' id='line_1_25' title="bbox 608 3056 2521 3157; baseline 0.003 -30"><span class='ocrx_word' id='word_1_177' title='bbox 608 3056 915 3129; x_wconf 87' lang='lat' dir='ltr'><strong>debatur</strong></span> <span class='ocrx_word' id='word_1_178' title='bbox 938 3058 1081 3129; x_wconf 85' lang='lat' dir='ltr'>hoc</span> <span class='ocrx_word' id='word_1_179' title='bbox 1104 3058 1319 3157; x_wconf 79' lang='lat' dir='ltr'>magis</span> <span class='ocrx_word' id='word_1_180' title='bbox 1342 3059 1642 3131; x_wconf 84' lang='lat' dir='ltr'>militare</span> <span class='ocrx_word' id='word_1_181' title='bbox 1656 3109 1681 3148; x_wconf 91' lang='lat'>,</span> <span class='ocrx_word' id='word_1_182' title='bbox 1711 3059 2026 3132; x_wconf 80' lang='lat' dir='ltr'>ex-edito</span> <span class='ocrx_word' id='word_1_183' title='bbox 2049 3060 2392 3155; x_wconf 77' lang='lat' dir='ltr'>speculari</span> <span class='ocrx_word' id='word_1_184' title='bbox 2415 3063 2521 3132; x_wconf 90' lang='lat' dir='ltr'>la·-</span> 
     </span>
     <span class='ocr_line' id='line_1_26' title="bbox 605 3166 2516 3265; baseline 0.004 -28"><span class='ocrx_word' id='word_1_185' title='bbox 605 3181 683 3238; x_wconf 84' lang='lat' dir='ltr'>te</span> <span class='ocrx_word' id='word_1_186' title='bbox 706 3169 1071 3261; x_wconf 83' lang='lat' dir='ltr'>longeque</span> <span class='ocrx_word' id='word_1_187' title='bbox 1106 3168 1446 3241; x_wconf 74' lang='lat' dir='ltr'>subiecta.</span> <span class='ocrx_word' id='word_1_188' title='bbox 1483 3166 1788 3263; x_wconf 77' lang='lat' dir='ltr'>Adspice</span> <span class='ocrx_word' id='word_1_189' title='bbox 1823 3196 2046 3263; x_wconf 84' lang='lat' dir='ltr'>quam</span> <span class='ocrx_word' id='word_1_190' title='bbox 2080 3169 2516 3265; x_wconf 81' lang='lat' dir='ltr'>positionem</span> 
     </span>
     <span class='ocr_line' id='line_1_27' title="bbox 607 3278 2518 3375; baseline 0.004 -28"><span class='ocrx_word' id='word_1_191' title='bbox 607 3278 993 3375; x_wconf 86' lang='lat' dir='ltr'>elegerint,</span> <span class='ocrx_word' id='word_1_192' title='bbox 1042 3278 1307 3369; x_wconf 71' lang='lat' dir='ltr'>quibus</span> <span class='ocrx_word' id='word_1_193' title='bbox 1344 3280 1658 3352; x_wconf 83' lang='lat' dir='ltr'>aedificia</span> <span class='ocrx_word' id='word_1_194' title='bbox 1701 3282 2161 3354; x_wconf 80' lang='lat' dir='ltr'>excitaverint</span> <span class='ocrx_word' id='word_1_195' title='bbox 2189 3282 2400 3369; x_wconf 83' lang='lat' dir='ltr'>locis,</span> <span class='ocrx_word' id='word_1_196' title='bbox 2439 3296 2518 3355; x_wconf 86' lang='lat' dir='ltr'>et</span> 
     </span>
     <span class='ocr_line' id='line_1_28' title="bbox 607 3378 2519 3480; baseline 0.003 -23"><span class='ocrx_word' id='word_1_197' title='bbox 607 3386 882 3479; x_wconf 82' lang='lat' dir='ltr'>qualia:</span> <span class='ocrx_word' id='word_1_198' title='bbox 928 3388 1095 3480; x_wconf 69' lang='lat' dir='ltr'>scies</span> <span class='ocrx_word' id='word_1_199' title='bbox 1130 3410 1283 3459; x_wconf 88' lang='lat' dir='ltr'>non</span> <span class='ocrx_word' id='word_1_200' title='bbox 1331 3378 1527 3461; x_wconf 77' lang='lat' dir='ltr'>villas</span> <span class='ocrx_word' id='word_1_201' title='bbox 1561 3416 1702 3463; x_wconf 83' lang='lat' dir='ltr'>esse</span> <span class='ocrx_word' id='word_1_202' title='bbox 1725 3443 1749 3479; x_wconf 85' lang='lat'><strong>‚</strong></span> <span class='ocrx_word' id='word_1_203' title='bbox 1789 3392 1914 3464; x_wconf 81' lang='lat' dir='ltr'>sed</span> <span class='ocrx_word' id='word_1_204' title='bbox 1939 3408 2176 3465; x_wconf 82' lang='lat' dir='ltr'>castra.</span> <span class='ocrx_word' id='word_1_205' title='bbox 2219 3391 2519 3472; x_wconf 67' lang='lat' dir='ltr'>Habita-²</span> 
     </span>
     <span class='ocr_line' id='line_1_29' title="bbox 606 3502 2520 3595; baseline 0.003 -29"><span class='ocrx_word' id='word_1_206' title='bbox 606 3514 857 3569; x_wconf 81' lang='lat' dir='ltr'>turum</span> <span class='ocrx_word' id='word_1_207' title='bbox 897 3513 979 3567; x_wconf 88' lang='lat' dir='ltr'>tu</span> <span class='ocrx_word' id='word_1_208' title='bbox 1030 3513 1235 3589; x_wconf 75' lang='lat' dir='ltr'>putas</span> <span class='ocrx_word' id='word_1_209' title='bbox 1280 3524 1636 3595; x_wconf 85' lang='lat' dir='ltr'>umquam</span> <span class='ocrx_word' id='word_1_210' title='bbox 1674 3502 1882 3577; x_wconf 78' lang='lat' dir='ltr'>fuisse</span> <span class='ocrx_word' id='word_1_211' title='bbox 1927 3505 2002 3575; x_wconf 91' lang='lat' dir='ltr'>in</span> <span class='ocrx_word' id='word_1_212' title='bbox 2039 3503 2261 3575; x_wconf 82' lang='lat' dir='ltr'>micea</span> <span class='ocrx_word' id='word_1_213' title='bbox 2305 3502 2520 3574; x_wconf 81' lang='lat' dir='ltr'>Cato.-</span> 
     </span>
     <span class='ocr_line' id='line_1_30' title="bbox 604 3606 2640 3710; baseline 0.004 -33"><span class='ocrx_word' id='word_1_214' title='bbox 604 3606 783 3677; x_wconf 72' lang='lat' dir='ltr'>nem</span> <span class='ocrx_word' id='word_1_215' title='bbox 804 3658 827 3695; x_wconf 88' lang='lat'><strong>,</strong></span> <span class='ocrx_word' id='word_1_216' title='bbox 872 3622 957 3679; x_wconf 84' lang='lat' dir='ltr'>ut</span> <span class='ocrx_word' id='word_1_217' title='bbox 986 3612 1668 3710; x_wconf 77' lang='lat' dir='ltr'>praeternavigantes</span> <span class='ocrx_word' id='word_1_218' title='bbox 1705 3612 2056 3687; x_wconf 79' lang='lat' dir='ltr'>adulteras</span> <span class='ocrx_word' id='word_1_219' title='bbox 2105 3614 2520 3685; x_wconf 83' lang='lat' dir='ltr'>dinumera-</span> <span class='ocrx_word' id='word_1_220' title='bbox 2633 3676 2640 3686; x_wconf 91' lang='lat'><strong>.</strong></span> 
     </span>
     <span class='ocr_line' id='line_1_31' title="bbox 603 3722 2518 3823; baseline 0.007 -36"><span class='ocrx_word' id='word_1_221' title='bbox 603 3733 717 3787; x_wconf 76' lang='lat' dir='ltr'>ret</span> <span class='ocrx_word' id='word_1_222' title='bbox 740 3766 764 3800; x_wconf 92' lang='lat'>‚</span> <span class='ocrx_word' id='word_1_223' title='bbox 794 3735 867 3787; x_wconf 87' lang='lat' dir='ltr'>et</span> <span class='ocrx_word' id='word_1_224' title='bbox 896 3736 1011 3790; x_wconf 89' lang='lat' dir='ltr'>tot</span> <span class='ocrx_word' id='word_1_225' title='bbox 1032 3722 1422 3814; x_wconf 73' lang='lat' dir='ltr'>adspiceret</span> <span class='ocrx_word' id='word_1_226' title='bbox 1447 3746 1700 3819; x_wconf 85' lang='lat' dir='ltr'>genera</span> <span class='ocrx_word' id='word_1_227' title='bbox 1723 3728 2141 3823; x_wconf 83' lang='lat' dir='ltr'>cymbarum</span> <span class='ocrx_word' id='word_1_228' title='bbox 2166 3727 2367 3799; x_wconf 73' lang='lat' dir='ltr'>variis</span> <span class='ocrx_word' id='word_1_229' title='bbox 2391 3750 2518 3799; x_wconf 83' lang='lat' dir='ltr'>co·</span> 
     </span>
     <span class='ocr_line' id='line_1_32' title="bbox 609 3822 2516 3927; baseline 0.005 -29"><span class='ocrx_word' id='word_1_230' title='bbox 609 3822 877 3921; x_wconf 60' lang='lat' dir='ltr'>loribus</span> <span class='ocrx_word' id='word_1_231' title='bbox 898 3830 1129 3925; x_wconf 86' lang='lat' dir='ltr'>picta,</span> <span class='ocrx_word' id='word_1_232' title='bbox 1165 3832 1248 3905; x_wconf 68' lang='lat' dir='ltr'>&#39;et</span> <span class='ocrx_word' id='word_1_233' title='bbox 1274 3833 1678 3911; x_wconf 81' lang='lat' dir='ltr'>fluitantem</span> <span class='ocrx_word' id='word_1_234' title='bbox 1721 3852 1884 3911; x_wconf 81' lang='lat' dir='ltr'>toto</span> <span class='ocrx_word' id='word_1_235' title='bbox 1919 3840 2081 3913; x_wconf 80' lang='lat' dir='ltr'>lacu</span> <span class='ocrx_word' id='word_1_236' title='bbox 2115 3860 2386 3927; x_wconf 79' lang='lat' dir='ltr'>rosam,</span> <span class='ocrx_word' id='word_1_237' title='bbox 2427 3850 2516 3909; x_wconf 85' lang='lat' dir='ltr'>ut</span> 
     </span>
    </p>
   </div>
  </div>
 </body>
</html>
