<?xml version="1.0" encoding="UTF-8"?>
<!DOCTYPE html PUBLIC "-//W3C//DTD XHTML 1.0 Transitional//EN"
    "http://www.w3.org/TR/xhtml1/DTD/xhtml1-transitional.dtd">
<html xmlns="http://www.w3.org/1999/xhtml" xml:lang="en" lang="en">
 <head>
  <title>
</title>
<meta http-equiv="Content-Type" content="text/html;charset=utf-8" />
  <meta name='ocr-system' content='tesseract 3.04.00' />
  <meta name='ocr-capabilities' content='ocr_page ocr_carea ocr_par ocr_line ocrx_word'/>
</head>
<body>
  <div class='ocr_page' id='page_1' title='image "./lannaeisenecaea01bipogoog_0055.png"; bbox 0 0 2809 4850; ppageno 0'>
   <div class='ocr_carea' id='block_1_1' title="bbox 592 365 2099 489">
    <p class='ocr_par' dir='ltr' id='par_1_1' title="bbox 592 365 2099 489">
     <span class='ocr_line' id='line_1_1' title="bbox 592 365 2099 489; baseline 0.005 -37"><span class='ocrx_word' id='word_1_1' title='bbox 592 365 1687 457; x_wconf 77' lang='lat' dir='ltr'><strong>E‹P18TOLAXV.</strong></span> <span class='ocrx_word' id='word_1_2' title='bbox 2005 411 2099 489; x_wconf 79' lang='lat'>45</span> 
     </span>
    </p>
   </div>
   <div class='ocr_carea' id='block_1_2' title="bbox 167 541 2102 1514">
    <p class='ocr_par' dir='ltr' id='par_1_2' title="bbox 167 541 2102 1514">
     <span class='ocr_line' id='line_1_2' title="bbox 167 541 2093 642; baseline -0.001 -22"><span class='ocrx_word' id='word_1_3' title='bbox 167 569 348 620; x_wconf 83' lang='lat' dir='ltr'>rem.</span> <span class='ocrx_word' id='word_1_4' title='bbox 377 581 452 616; x_wconf 81' lang='lat'>.--</span> <span class='ocrx_word' id='word_1_5' title='bbox 486 544 586 617; x_wconf 86' lang='lat' dir='ltr'>Ut</span> <span class='ocrx_word' id='word_1_6' title='bbox 609 543 776 616; x_wconf 77' lang='lat' dir='ltr'>scias</span> <span class='ocrx_word' id='word_1_7' title='bbox 798 565 1018 636; x_wconf 85' lang='lat' dir='ltr'>quam</span> <span class='ocrx_word' id='word_1_8' title='bbox 1039 541 1332 642; x_wconf 83' lang='lat' dir='ltr'><strong>benigni</strong></span> <span class='ocrx_word' id='word_1_9' title='bbox 1361 543 1609 633; x_wconf 78' lang='lat' dir='ltr'>simus,</span> <span class='ocrx_word' id='word_1_10' title='bbox 1638 545 2093 640; x_wconf 78' lang='lat' dir='ltr'>propositum</span> 
     </span>
     <span class='ocr_line' id='line_1_3' title="bbox 170 655 2102 744; baseline 0 -16"><span class='ocrx_word' id='word_1_11' title='bbox 170 673 276 728; x_wconf 82' lang='lat' dir='ltr'>est</span> <span class='ocrx_word' id='word_1_12' title='bbox 297 656 534 728; x_wconf 85' lang='lat' dir='ltr'>aliena</span> <span class='ocrx_word' id='word_1_13' title='bbox 555 655 846 726; x_wconf 85' lang='lat' dir='ltr'>laudare</span> <span class='ocrx_word' id='word_1_14' title='bbox 869 685 886 726; x_wconf 76' lang='lat' dir='ltr'><strong><em>z</em></strong></span> <span class='ocrx_word' id='word_1_15' title='bbox 913 655 1144 725; x_wconf 72' lang='lat' dir='ltr'>Eme</span> <span class='ocrx_word' id='word_1_16' title='bbox 1167 672 1220 724; x_wconf 80' lang='lat' dir='ltr'>U</span> <span class='ocrx_word' id='word_1_17' title='bbox 1245 673 1346 726; x_wconf 70' lang='grc' dir='ltr'>ιιι</span> <span class='ocrx_word' id='word_1_18' title='bbox 1381 671 1528 744; x_wconf 84' lang='lat' dir='ltr'>est,</span> <span class='ocrx_word' id='word_1_19' title='bbox 1558 671 1684 727; x_wconf 87' lang='lat' dir='ltr'>aut</span> <span class='ocrx_word' id='word_1_20' title='bbox 1712 655 1989 729; x_wconf 68' lang='lat' dir='ltr'>Mss&#39;rn</span> <span class='ocrx_word' id='word_1_21' title='bbox 2012 677 2102 728; x_wconf 91' lang='lat' dir='ltr'>o-</span> 
     </span>
     <span class='ocr_line' id='line_1_4' title="bbox 167 759 2099 860; baseline -0.001 -21"><span class='ocrx_word' id='word_1_22' title='bbox 167 789 224 840; x_wconf 83' lang='lat'>1)</span> <span class='ocrx_word' id='word_1_23' title='bbox 248 787 300 838; x_wconf 89' lang='grc' dir='ltr'>ο</span> <span class='ocrx_word' id='word_1_24' title='bbox 330 787 474 856; x_wconf 72' lang='lat' dir='ltr'>nl,</span> <span class='ocrx_word' id='word_1_25' title='bbox 521 783 649 838; x_wconf 87' lang='lat' dir='ltr'>aut</span> <span class='ocrx_word' id='word_1_26' title='bbox 691 759 980 838; x_wconf 74' lang='lat' dir='ltr'>alicuius</span> <span class='ocrx_word' id='word_1_27' title='bbox 1024 787 1119 835; x_wconf 52' lang='lat' dir='ltr'>&gt;ex</span> <span class='ocrx_word' id='word_1_28' title='bbox 1151 765 1269 835; x_wconf 88' lang='lat' dir='ltr'>illa</span> <span class='ocrx_word' id='word_1_29' title='bbox 1309 765 1605 838; x_wconf 86' lang='lat' dir='ltr'>officina.</span> <span class='ocrx_word' id='word_1_30' title='bbox 1652 765 1742 837; x_wconf 84' lang='lat' dir='ltr'>Et</span> <span class='ocrx_word' id='word_1_31' title='bbox 1773 765 1955 860; x_wconf 87' lang='lat' dir='ltr'>quid</span> <span class='ocrx_word' id='word_1_32' title='bbox 1986 767 2099 838; x_wconf 89' lang='lat' dir='ltr'>in-</span> 
     </span>
     <span class='ocr_line' id='line_1_5' title="bbox 168 871 2096 978; baseline -0.002 -31"><span class='ocrx_word' id='word_1_33' title='bbox 168 890 426 963; x_wconf 83' lang='lat' dir='ltr'>terest,</span> <span class='ocrx_word' id='word_1_34' title='bbox 457 874 618 967; x_wconf 75' lang='lat' dir='ltr'>quis</span> <span class='ocrx_word' id='word_1_35' title='bbox 651 871 960 948; x_wconf 77' lang='lat' dir='ltr'>dixerit?</span> <span class='ocrx_word' id='word_1_36' title='bbox 989 872 1332 944; x_wconf 84' lang='lat' dir='ltr'>omnibus</span> <span class='ocrx_word' id='word_1_37' title='bbox 1365 871 1566 943; x_wconf 82' lang='lat' dir='ltr'>dixit.</span> <span class='ocrx_word' id='word_1_38' title='bbox 1616 871 1773 978; x_wconf 81' lang='lat' dir='ltr'>Qui</span> <span class='ocrx_word' id='word_1_39' title='bbox 1802 887 1962 970; x_wconf 88' lang='lat' dir='ltr'>eget</span> <span class='ocrx_word' id='word_1_40' title='bbox 1984 875 2096 945; x_wconf 88' lang='lat' dir='ltr'>di-</span> 
     </span>
     <span class='ocr_line' id='line_1_6' title="bbox 170 981 2095 1075; baseline 0 -21"><span class='ocrx_word' id='word_1_41' title='bbox 170 981 397 1072; x_wconf 76' lang='lat' dir='ltr'>vitiis,</span> <span class='ocrx_word' id='word_1_42' title='bbox 435 983 645 1053; x_wconf 88' lang='lat' dir='ltr'>timet</span> <span class='ocrx_word' id='word_1_43' title='bbox 668 1005 803 1075; x_wconf 87' lang='lat' dir='ltr'>pro</span> <span class='ocrx_word' id='word_1_44' title='bbox 826 981 995 1051; x_wconf 75' lang='lat' dir='ltr'>illis:</span> <span class='ocrx_word' id='word_1_45' title='bbox 1040 1003 1258 1051; x_wconf 87' lang='lat' dir='ltr'>nemo</span> <span class='ocrx_word' id='word_1_46' title='bbox 1285 997 1533 1052; x_wconf 89' lang='lat' dir='ltr'>autem</span> <span class='ocrx_word' id='word_1_47' title='bbox 1570 981 1871 1053; x_wconf 73' lang='lat' dir='ltr'>sollicito</span> <span class='ocrx_word' id='word_1_48' title='bbox 1895 982 2095 1054; x_wconf 85' lang='lat' dir='ltr'>bono</span> 
     </span>
     <span class='ocr_line' id='line_1_7' title="bbox 173 1087 2097 1182; baseline -0.001 -20"><span class='ocrx_word' id='word_1_49' title='bbox 173 1093 438 1162; x_wconf 73' lang='lat' dir='ltr'>fruitur</span> <span class='ocrx_word' id='word_1_50' title='bbox 457 1118 478 1178; x_wconf 84' lang='lat'><em>3</em></span> <span class='ocrx_word' id='word_1_51' title='bbox 515 1090 814 1162; x_wconf 82' lang='lat' dir='ltr'>adiicere</span> <span class='ocrx_word' id='word_1_52' title='bbox 854 1087 987 1159; x_wconf 88' lang='lat' dir='ltr'>illis</span> <span class='ocrx_word' id='word_1_53' title='bbox 1016 1087 1292 1182; x_wconf 85' lang='lat' dir='ltr'>aliquid</span> <span class='ocrx_word' id='word_1_54' title='bbox 1319 1089 1597 1160; x_wconf 76' lang='lat' dir='ltr'>studet:</span> <span class='ocrx_word' id='word_1_55' title='bbox 1628 1087 1823 1159; x_wconf 77' lang='lat' dir='ltr'>dum</span> <span class='ocrx_word' id='word_1_56' title='bbox 1861 1089 1953 1160; x_wconf 89' lang='lat' dir='ltr'>de</span> <span class='ocrx_word' id='word_1_57' title='bbox 1986 1091 2097 1162; x_wconf 88' lang='lat' dir='ltr'>in-</span> 
     </span>
     <span class='ocr_line' id='line_1_8' title="bbox 174 1185 2099 1306; baseline -0.003 -33"><span class='ocrx_word' id='word_1_58' title='bbox 174 1217 548 1273; x_wconf 80' lang='lat' dir='ltr'>cremento</span> <span class='ocrx_word' id='word_1_59' title='bbox 573 1200 836 1306; x_wconf 78' lang='lat' dir='ltr'>cogitat</span> <span class='ocrx_word' id='word_1_60' title='bbox 855 1249 877 1285; x_wconf 92' lang='lat'><strong>,</strong></span> <span class='ocrx_word' id='word_1_61' title='bbox 917 1197 1186 1268; x_wconf 78' lang='lat' dir='ltr'>oblitus</span> <span class='ocrx_word' id='word_1_62' title='bbox 1215 1215 1316 1270; x_wconf 83' lang='lat' dir='ltr'>est</span> <span class='ocrx_word' id='word_1_63' title='bbox 1353 1222 1557 1285; x_wconf 81' lang='lat' dir='ltr'>usus;</span> <span class='ocrx_word' id='word_1_64' title='bbox 1588 1185 1893 1272; x_wconf 78' lang='lat' dir='ltr'>ratio&#39;nes</span> <span class='ocrx_word' id='word_1_65' title='bbox 1918 1199 2099 1271; x_wconf 84' lang='lat' dir='ltr'>acci-</span> 
     </span>
     <span class='ocr_line' id='line_1_9' title="bbox 173 1305 2095 1406; baseline 0 -26"><span class='ocrx_word' id='word_1_66' title='bbox 173 1311 328 1406; x_wconf 83' lang='lat' dir='ltr'>pit,</span> <span class='ocrx_word' id='word_1_67' title='bbox 367 1307 612 1380; x_wconf 81' lang='lat' dir='ltr'>forum</span> <span class='ocrx_word' id='word_1_68' title='bbox 653 1308 1003 1394; x_wconf 87' lang='lat' dir='ltr'>conterit,</span> <span class='ocrx_word' id='word_1_69' title='bbox 1049 1305 1539 1380; x_wconf 84' lang='lat' dir='ltr'>kalendarium</span> <span class='ocrx_word' id='word_1_70' title='bbox 1568 1325 1836 1398; x_wconf 69' lang='lat' dir='ltr'>vertat,</span> <span class='ocrx_word' id='word_1_71' title='bbox 1881 1307 1965 1380; x_wconf 89' lang='lat' dir='ltr'>fit</span> <span class='ocrx_word' id='word_1_72' title='bbox 2001 1333 2095 1387; x_wconf 76' lang='lat' dir='ltr'>ex</span> 
     </span>
     <span class='ocr_line' id='line_1_10' title="bbox 177 1417 1186 1514; baseline -0.001 -24"><span class='ocrx_word' id='word_1_73' title='bbox 177 1420 490 1493; x_wconf 77' lang='lat' dir='ltr'>domino</span> <span class='ocrx_word' id='word_1_74' title='bbox 513 1435 947 1514; x_wconf 81' lang='lat' dir='ltr'>procurator.</span> <span class='ocrx_word' id='word_1_75' title='bbox 987 1417 1186 1490; x_wconf 83' lang='lat' dir='ltr'>Vale.</span> 
     </span>
    </p>
   </div>
   <div class='ocr_carea' id='block_1_3' title="bbox 676 1611 1607 1687">
    <p class='ocr_par' dir='ltr' id='par_1_3' title="bbox 676 1611 1607 1687">
     <span class='ocr_line' id='line_1_11' title="bbox 676 1611 1607 1687; baseline -0.006 -1"><span class='ocrx_word' id='word_1_76' title='bbox 676 1611 1330 1686; x_wconf 87' lang='lat' dir='ltr'><strong>EPISTOLA</strong></span> <span class='ocrx_word' id='word_1_77' title='bbox 1414 1611 1607 1687; x_wconf 85' lang='lat' dir='ltr'>XV.</span> 
     </span>
    </p>
   </div>
   <div class='ocr_carea' id='block_1_4' title="bbox 176 1753 2098 2068">
    <p class='ocr_par' dir='ltr' id='par_1_4' title="bbox 176 1753 2098 2068">
     <span class='ocr_line' id='line_1_12' title="bbox 176 1753 2098 1828; baseline -0.001 -15"><span class='ocrx_word' id='word_1_78' title='bbox 176 1757 257 1813; x_wconf 72' lang='lat' dir='ltr'>Ad</span> <span class='ocrx_word' id='word_1_79' title='bbox 271 1773 446 1811; x_wconf 73' lang='lat' dir='ltr'>cutm</span> <span class='ocrx_word' id='word_1_80' title='bbox 465 1755 614 1811; x_wconf 70' lang='lat' dir='ltr'>etiam</span> <span class='ocrx_word' id='word_1_81' title='bbox 631 1756 860 1826; x_wconf 72' lang='lat' dir='ltr'>eorporis</span> <span class='ocrx_word' id='word_1_82' title='bbox 879 1755 1192 1811; x_wconf 73' lang='lat' dir='ltr'>Exercitatio</span> <span class='ocrx_word' id='word_1_83' title='bbox 1211 1771 1409 1828; x_wconf 77' lang='lat' dir='ltr'>spectat</span> <span class='ocrx_word' id='word_1_84' title='bbox 1423 1777 1440 1812; x_wconf 73' lang='lat' dir='ltr'>t</span> <span class='ocrx_word' id='word_1_85' title='bbox 1473 1759 1565 1811; x_wconf 77' lang='lat' dir='ltr'>sed</span> <span class='ocrx_word' id='word_1_86' title='bbox 1592 1757 1717 1812; x_wconf 80' lang='lat' dir='ltr'>hace</span> <span class='ocrx_word' id='word_1_87' title='bbox 1735 1753 1987 1812; x_wconf 74' lang='lat' dir='ltr'>laboriosa</span> <span class='ocrx_word' id='word_1_88' title='bbox 2006 1774 2098 1814; x_wconf 79' lang='lat' dir='ltr'>aut</span> 
     </span>
     <span class='ocr_line' id='line_1_13' title="bbox 310 1839 2097 1909; baseline 0.001 -16"><span class='ocrx_word' id='word_1_89' title='bbox 310 1853 566 1908; x_wconf 78' lang='lat' dir='ltr'>occupata</span> <span class='ocrx_word' id='word_1_90' title='bbox 591 1857 696 1892; x_wconf 80' lang='lat' dir='ltr'>non</span> <span class='ocrx_word' id='word_1_91' title='bbox 713 1853 847 1894; x_wconf 76' lang='lat' dir='ltr'>esto.</span> <span class='ocrx_word' id='word_1_92' title='bbox 880 1839 1060 1894; x_wconf 76' lang='lat' dir='ltr'>Facilis</span> <span class='ocrx_word' id='word_1_93' title='bbox 1081 1852 1136 1893; x_wconf 82' lang='lat' dir='ltr'>et</span> <span class='ocrx_word' id='word_1_94' title='bbox 1155 1840 1326 1894; x_wconf 78' lang='lat' dir='ltr'>brevis</span> <span class='ocrx_word' id='word_1_95' title='bbox 1349 1839 1571 1892; x_wconf 78' lang='lat' dir='ltr'>sufficit:</span> <span class='ocrx_word' id='word_1_96' title='bbox 1590 1854 1653 1892; x_wconf 80' lang='lat' dir='ltr'>ut</span> <span class='ocrx_word' id='word_1_97' title='bbox 1670 1855 1852 1895; x_wconf 70' lang='lat' dir='ltr'>ctu-sus</span> <span class='ocrx_word' id='word_1_98' title='bbox 1864 1880 1881 1905; x_wconf 86' lang='lat'><strong>,</strong></span> <span class='ocrx_word' id='word_1_99' title='bbox 1901 1844 2063 1894; x_wconf 71' lang='lat' dir='ltr'>saltus</span> <span class='ocrx_word' id='word_1_100' title='bbox 2077 1881 2097 1909; x_wconf 85' lang='lat'><strong>,</strong></span> 
     </span>
     <span class='ocr_line' id='line_1_14' title="bbox 310 1919 2094 1990; baseline 0.002 -18"><span class='ocrx_word' id='word_1_101' title='bbox 310 1919 558 1990; x_wconf 80' lang='lat' dir='ltr'>gestatio,</span> <span class='ocrx_word' id='word_1_102' title='bbox 575 1919 720 1977; x_wconf 74' lang='lat' dir='ltr'>vocis</span> <span class='ocrx_word' id='word_1_103' title='bbox 743 1920 983 1972; x_wconf 82' lang='lat' dir='ltr'>intentio.</span> <span class='ocrx_word' id='word_1_104' title='bbox 1016 1920 1261 1974; x_wconf 73' lang='lat' dir='ltr'><strong>clausula</strong></span> <span class='ocrx_word' id='word_1_105' title='bbox 1286 1920 1349 1971; x_wconf 85' lang='lat' dir='ltr'>ab</span> <span class='ocrx_word' id='word_1_106' title='bbox 1373 1919 1625 1988; x_wconf 78' lang='lat' dir='ltr'>Epicuro,</span> <span class='ocrx_word' id='word_1_107' title='bbox 1642 1919 1723 1974; x_wconf 82' lang='lat' dir='ltr'>Nc</span> <span class='ocrx_word' id='word_1_108' title='bbox 1745 1919 1856 1974; x_wconf 68' lang='lat' dir='ltr'>vita</span> <span class='ocrx_word' id='word_1_109' title='bbox 1874 1926 1931 1974; x_wconf 81' lang='lat' dir='ltr'>&#39;m</span> <span class='ocrx_word' id='word_1_110' title='bbox 1948 1921 2094 1976; x_wconf 79' lang='lat' dir='ltr'>futu·</span> 
     </span>
     <span class='ocr_line' id='line_1_15' title="bbox 304 1996 1335 2068; baseline -0.003 -15"><span class='ocrx_word' id='word_1_111' title='bbox 304 2015 419 2054; x_wconf 76' lang='lat' dir='ltr'>rum</span> <span class='ocrx_word' id='word_1_112' title='bbox 439 1997 657 2051; x_wconf 75' lang='lat' dir='ltr'>feratur:</span> <span class='ocrx_word' id='word_1_113' title='bbox 681 1997 1026 2067; x_wconf 79' lang='lat' dir='ltr'>praesentibus</span> <span class='ocrx_word' id='word_1_114' title='bbox 1047 1996 1335 2068; x_wconf 75' lang='lat' dir='ltr'>adquiesce-</span> 
     </span>
    </p>
   </div>
   <div class='ocr_carea' id='block_1_5' title="bbox 562 2115 1751 2209">
    <p class='ocr_par' dir='ltr' id='par_1_5' title="bbox 562 2115 1751 2209">
     <span class='ocr_line' id='line_1_16' title="bbox 562 2115 1751 2209; baseline 0 -15"><span class='ocrx_word' id='word_1_115' title='bbox 562 2115 907 2196; x_wconf 69' lang='lat' dir='ltr'><em>SENECA</em></span> <span class='ocrx_word' id='word_1_116' title='bbox 945 2123 1198 2209; x_wconf 83' lang='lat' dir='ltr'>Lucilio</span> <span class='ocrx_word' id='word_1_117' title='bbox 1234 2147 1346 2194; x_wconf 81' lang='lat' dir='ltr'>suo</span> <span class='ocrx_word' id='word_1_118' title='bbox 1391 2121 1705 2204; x_wconf 80' lang='lat' dir='ltr'><em>Salutem.</em></span> <span class='ocrx_word' id='word_1_119' title='bbox 1738 2137 1751 2150; x_wconf 85' lang='lat'><strong><em>‘</em></strong></span> 
     </span>
    </p>
   </div>
   <div class='ocr_carea' id='block_1_6' title="bbox 180 2229 2095 2492">
    <p class='ocr_par' dir='ltr' id='par_1_6' title="bbox 180 2229 2095 2492">
     <span class='ocr_line' id='line_1_17' title="bbox 183 2229 2095 2382; baseline -0.002 -18"><span class='ocrx_word' id='word_1_120' title='bbox 183 2229 438 2364; x_wconf 87' lang='lat' dir='ltr'>Mos</span> <span class='ocrx_word' id='word_1_121' title='bbox 465 2287 776 2381; x_wconf 82' lang='lat' dir='ltr'>antiquis</span> <span class='ocrx_word' id='word_1_122' title='bbox 801 2285 940 2359; x_wconf 89' lang='lat' dir='ltr'>fuit</span> <span class='ocrx_word' id='word_1_123' title='bbox 963 2337 986 2375; x_wconf 89' lang='lat'><strong>,</strong></span> <span class='ocrx_word' id='word_1_124' title='bbox 1017 2310 1244 2382; x_wconf 72' lang='lat' dir='ltr'>usque</span> <span class='ocrx_word' id='word_1_125' title='bbox 1269 2287 1366 2358; x_wconf 85' lang='lat' dir='ltr'>ad</span> <span class='ocrx_word' id='word_1_126' title='bbox 1391 2311 1627 2360; x_wconf 83' lang='lat' dir='ltr'>meam</span> <span class='ocrx_word' id='word_1_127' title='bbox 1652 2301 1958 2360; x_wconf 81' lang='lat' dir='ltr'>servatus</span> <span class='ocrx_word' id='word_1_128' title='bbox 1978 2311 2095 2360; x_wconf 83' lang='lat' dir='ltr'>ae-</span> 
     </span>
     <span class='ocr_line' id='line_1_18' title="bbox 180 2395 2089 2492; baseline 0.003 -24"><span class='ocrx_word' id='word_1_129' title='bbox 180 2412 404 2468; x_wconf 84' lang='lat' dir='ltr'>tatem</span> <span class='ocrx_word' id='word_1_130' title='bbox 426 2450 449 2486; x_wconf 89' lang='lat'><strong>,</strong></span> <span class='ocrx_word' id='word_1_131' title='bbox 490 2397 734 2492; x_wconf 81' lang='lat' dir='ltr'>primis</span> <span class='ocrx_word' id='word_1_132' title='bbox 759 2398 1094 2492; x_wconf 77' lang='lat' dir='ltr'>epistolae</span> <span class='ocrx_word' id='word_1_133' title='bbox 1121 2396 1352 2473; x_wconf 78' lang='lat' dir='ltr'>verbis</span> <span class='ocrx_word' id='word_1_134' title='bbox 1393 2395 1692 2469; x_wconf 85' lang='lat' dir='ltr'>adiicere</span> <span class='ocrx_word' id='word_1_135' title='bbox 1716 2423 1735 2468; x_wconf 72' lang='lat' dir='ltr'>e</span> <span class='ocrx_word' id='word_1_136' title='bbox 1782 2398 1859 2469; x_wconf 79' lang='lat' dir='ltr'>Si</span> <span class='ocrx_word' id='word_1_137' title='bbox 1876 2397 2089 2474; x_wconf 79' lang='lat' dir='ltr'>vales.</span> 
     </span>
    </p>
   </div>
   <div class='ocr_carea' id='block_1_7' title="bbox 184 2504 2116 2601">
    <p class='ocr_par' dir='ltr' id='par_1_7' title="bbox 184 2504 2116 2601">
     <span class='ocr_line' id='line_1_19' title="bbox 184 2504 2116 2601; baseline 0.001 -24"><span class='ocrx_word' id='word_1_138' title='bbox 184 2510 332 2578; x_wconf 75' lang='lat' dir='ltr'>hene</span> <span class='ocrx_word' id='word_1_139' title='bbox 358 2525 497 2579; x_wconf 65' lang='lat' dir='ltr'>esu</span> <span class='ocrx_word' id='word_1_140' title='bbox 526 2531 640 2601; x_wconf 79' lang='lat' dir='ltr'>ego</span> <span class='ocrx_word' id='word_1_141' title='bbox 663 2508 863 2579; x_wconf 77' lang='lat' dir='ltr'>valeo.</span> <span class='ocrx_word' id='word_1_142' title='bbox 891 2506 1108 2579; x_wconf 85' lang='lat' dir='ltr'>Recte</span> <span class='ocrx_word' id='word_1_143' title='bbox 1134 2523 1360 2579; x_wconf 74' lang='lat' dir='ltr'>eta-os</span> <span class='ocrx_word' id='word_1_144' title='bbox 1385 2506 1732 2579; x_wconf 69' lang='lat' dir='ltr'>dicimuse</span> <span class='ocrx_word' id='word_1_145' title='bbox 1758 2504 1832 2577; x_wconf 89' lang='lat' dir='ltr'>Si</span> <span class='ocrx_word' id='word_1_146' title='bbox 1860 2508 2116 2601; x_wconf 71' lang='lat' dir='ltr'>phi10-‘</span> 
     </span>
    </p>
   </div>
   <div class='ocr_carea' id='block_1_8' title="bbox 180 2617 2099 3920">
    <p class='ocr_par' dir='ltr' id='par_1_8' title="bbox 180 2617 2099 3920">
     <span class='ocr_line' id='line_1_20' title="bbox 180 2617 2091 2711; baseline -0.001 -23"><span class='ocrx_word' id='word_1_147' title='bbox 180 2617 533 2711; x_wconf 72' lang='lat' dir='ltr'>sophari3‚</span> <span class='ocrx_word' id='word_1_148' title='bbox 571 2618 760 2689; x_wconf 79' lang='lat' dir='ltr'>bene</span> <span class='ocrx_word' id='word_1_149' title='bbox 785 2635 906 2689; x_wconf 79' lang='lat' dir='ltr'>est.</span> <span class='ocrx_word' id='word_1_150' title='bbox 933 2618 1184 2691; x_wconf 82' lang='lat' dir='ltr'>Valere</span> <span class='ocrx_word' id='word_1_151' title='bbox 1213 2618 1405 2689; x_wconf 73' lang='lat' dir='ltr'>enim</span> <span class='ocrx_word' id='word_1_152' title='bbox 1446 2617 1586 2689; x_wconf 84' lang='lat' dir='ltr'>hoc</span> <span class='ocrx_word' id='word_1_153' title='bbox 1625 2617 1923 2687; x_wconf 83' lang='lat' dir='ltr'>demum</span> <span class='ocrx_word' id='word_1_154' title='bbox 1950 2634 2091 2704; x_wconf 79' lang='lat' dir='ltr'>est3</span> 
     </span>
     <span class='ocr_line' id='line_1_21' title="bbox 180 2726 2099 2824; baseline 0.002 -28"><span class='ocrx_word' id='word_1_155' title='bbox 180 2727 330 2805; x_wconf 78' lang='lat' dir='ltr'>sine</span> <span class='ocrx_word' id='word_1_156' title='bbox 358 2728 498 2797; x_wconf 87' lang='lat' dir='ltr'>hoc</span> <span class='ocrx_word' id='word_1_157' title='bbox 523 2752 723 2824; x_wconf 82' lang='lat' dir='ltr'>aeger</span> <span class='ocrx_word' id='word_1_158' title='bbox 747 2742 850 2797; x_wconf 85' lang='lat' dir='ltr'>est</span> <span class='ocrx_word' id='word_1_159' title='bbox 871 2728 1163 2801; x_wconf 79' lang='lat' dir='ltr'>animus.</span> <span class='ocrx_word' id='word_1_160' title='bbox 1205 2726 1487 2823; x_wconf 75' lang='lat' dir='ltr'>Corpus</span> <span class='ocrx_word' id='word_1_161' title='bbox 1510 2752 1847 2822; x_wconf 84' lang='lat' dir='ltr'>quoque,</span> <span class='ocrx_word' id='word_1_162' title='bbox 1878 2728 2099 2809; x_wconf 79' lang='lat' dir='ltr'>etiam</span> 
     </span>
     <span class='ocr_line' id='line_1_22' title="bbox 183 2836 2096 2935; baseline 0 -26"><span class='ocrx_word' id='word_1_163' title='bbox 183 2837 238 2909; x_wconf 80' lang='lat' dir='ltr'>si</span> <span class='ocrx_word' id='word_1_164' title='bbox 263 2860 552 2935; x_wconf 80' lang='lat' dir='ltr'>magnas</span> <span class='ocrx_word' id='word_1_165' title='bbox 568 2837 781 2907; x_wconf 88' lang='lat' dir='ltr'>habet</span> <span class='ocrx_word' id='word_1_166' title='bbox 811 2837 986 2909; x_wconf 80' lang='lat' dir='ltr'>vires</span> <span class='ocrx_word' id='word_1_167' title='bbox 1005 2888 1028 2924; x_wconf 86' lang='lat'>‚</span> <span class='ocrx_word' id='word_1_168' title='bbox 1057 2860 1206 2908; x_wconf 86' lang='lat' dir='ltr'>non</span> <span class='ocrx_word' id='word_1_169' title='bbox 1232 2838 1433 2908; x_wconf 79' lang='lat' dir='ltr'>aliter</span> <span class='ocrx_word' id='word_1_170' title='bbox 1456 2860 1676 2931; x_wconf 89' lang='lat' dir='ltr'>quam</span> <span class='ocrx_word' id='word_1_171' title='bbox 1704 2836 1947 2909; x_wconf 84' lang='lat' dir='ltr'>furiosi</span> <span class='ocrx_word' id='word_1_172' title='bbox 1970 2855 2096 2909; x_wconf 87' lang='lat' dir='ltr'>aut</span> 
     </span>
     <span class='ocr_line' id='line_1_23' title="bbox 183 2933 2097 3044; baseline 0 -27"><span class='ocrx_word' id='word_1_173' title='bbox 183 2933 580 3040; x_wconf 80' lang='lat' dir='ltr'>phrenetici</span> <span class='ocrx_word' id='word_1_174' title='bbox 611 2944 926 3018; x_wconf 85' lang='lat' dir='ltr'>validum</span> <span class='ocrx_word' id='word_1_175' title='bbox 959 2962 1080 3017; x_wconf 87' lang='lat' dir='ltr'>est.</span> <span class='ocrx_word' id='word_1_176' title='bbox 1111 2947 1294 3044; x_wconf 83' lang='lat' dir='ltr'>Ergo</span> <span class='ocrx_word' id='word_1_177' title='bbox 1318 2945 1499 3015; x_wconf 76' lang='lat' dir='ltr'>hanc</span> <span class='ocrx_word' id='word_1_178' title='bbox 1516 2947 1898 3038; x_wconf 87' lang='lat' dir='ltr'>praecipue</span> <span class='ocrx_word' id='word_1_179' title='bbox 1921 2947 2097 3017; x_wconf 82' lang='lat' dir='ltr'>vali·-</span> 
     </span>
     <span class='ocr_line' id='line_1_24' title="bbox 181 3054 2097 3145; baseline -0.002 -19"><span class='ocrx_word' id='word_1_180' title='bbox 181 3056 520 3127; x_wconf 80' lang='lat' dir='ltr'>tudinem</span> <span class='ocrx_word' id='word_1_181' title='bbox 545 3078 750 3141; x_wconf 82' lang='lat' dir='ltr'>cura;</span> <span class='ocrx_word' id='word_1_182' title='bbox 789 3056 1052 3127; x_wconf 85' lang='lat' dir='ltr'>deinde</span> <span class='ocrx_word' id='word_1_183' title='bbox 1091 3074 1168 3127; x_wconf 89' lang='lat' dir='ltr'>et</span> <span class='ocrx_word' id='word_1_184' title='bbox 1200 3055 1396 3127; x_wconf 82' lang='lat' dir='ltr'>illam</span> <span class='ocrx_word' id='word_1_185' title='bbox 1432 3054 1819 3123; x_wconf 78' lang='lat' dir='ltr'>secundam</span> <span class='ocrx_word' id='word_1_186' title='bbox 1844 3103 1867 3140; x_wconf 90' lang='lat'><strong>,</strong></span> <span class='ocrx_word' id='word_1_187' title='bbox 1908 3076 2097 3145; x_wconf 87' lang='lat' dir='ltr'>quae</span> 
     </span>
     <span class='ocr_line' id='line_1_25' title="bbox 184 3162 2098 3263; baseline -0.003 -26"><span class='ocrx_word' id='word_1_188' title='bbox 184 3190 334 3237; x_wconf 83' lang='lat' dir='ltr'>nou</span> <span class='ocrx_word' id='word_1_189' title='bbox 376 3188 643 3263; x_wconf 84' lang='lat' dir='ltr'>magno</span> <span class='ocrx_word' id='word_1_190' title='bbox 687 3165 818 3237; x_wconf 90' lang='lat' dir='ltr'>tibi</span> <span class='ocrx_word' id='word_1_191' title='bbox 841 3165 1235 3253; x_wconf 81' lang='lat' dir='ltr'>constabit,</span> <span class='ocrx_word' id='word_1_192' title='bbox 1279 3164 1336 3233; x_wconf 78' lang='lat' dir='ltr'>si</span> <span class='ocrx_word' id='word_1_193' title='bbox 1364 3163 1671 3235; x_wconf 82' lang='lat' dir='ltr'>volueris</span> <span class='ocrx_word' id='word_1_194' title='bbox 1693 3162 1883 3233; x_wconf 88' lang='lat' dir='ltr'>bene</span> <span class='ocrx_word' id='word_1_195' title='bbox 1908 3165 2098 3235; x_wconf 81' lang='lat' dir='ltr'>vale-</span> 
     </span>
     <span class='ocr_line' id='line_1_26' title="bbox 185 3270 2099 3368; baseline -0.002 -24"><span class='ocrx_word' id='word_1_196' title='bbox 185 3298 280 3345; x_wconf 80' lang='lat' dir='ltr'>re.</span> <span class='ocrx_word' id='word_1_197' title='bbox 305 3272 541 3345; x_wconf 83' lang='lat' dir='ltr'>Stulta</span> <span class='ocrx_word' id='word_1_198' title='bbox 573 3288 676 3343; x_wconf 74' lang='lat' dir='ltr'>eat</span> <span class='ocrx_word' id='word_1_199' title='bbox 701 3275 893 3368; x_wconf 76' lang='lat' dir='ltr'>enim</span> <span class='ocrx_word' id='word_1_200' title='bbox 913 3326 934 3361; x_wconf 82' lang='lat'>,</span> <span class='ocrx_word' id='word_1_201' title='bbox 966 3274 1067 3343; x_wconf 88' lang='lat' dir='ltr'>mi</span> <span class='ocrx_word' id='word_1_202' title='bbox 1107 3271 1378 3360; x_wconf 85' lang='lat' dir='ltr'>Lucili,</span> <span class='ocrx_word' id='word_1_203' title='bbox 1410 3288 1483 3341; x_wconf 90' lang='lat' dir='ltr'>et</span> <span class='ocrx_word' id='word_1_204' title='bbox 1511 3270 1810 3341; x_wconf 86' lang='lat' dir='ltr'>minime</span> <span class='ocrx_word' id='word_1_205' title='bbox 1830 3292 2099 3361; x_wconf 65' lang='lat' dir='ltr'>conve·</span> 
     </span>
     <span class='ocr_line' id='line_1_27' title="bbox 184 3380 2093 3478; baseline -0.001 -25"><span class='ocrx_word' id='word_1_206' title='bbox 184 3383 388 3455; x_wconf 76' lang='lat' dir='ltr'>niens</span> <span class='ocrx_word' id='word_1_207' title='bbox 410 3385 688 3455; x_wconf 85' lang='lat' dir='ltr'>literato</span> <span class='ocrx_word' id='word_1_208' title='bbox 709 3384 866 3455; x_wconf 79' lang='lat' dir='ltr'>viro</span> <span class='ocrx_word' id='word_1_209' title='bbox 882 3434 904 3471; x_wconf 86' lang='lat'>,</span> <span class='ocrx_word' id='word_1_210' title='bbox 947 3382 1322 3478; x_wconf 83' lang='lat' dir='ltr'>occupatio</span> <span class='ocrx_word' id='word_1_211' title='bbox 1347 3380 1725 3453; x_wconf 84' lang='lat' dir='ltr'>exercendi</span> <span class='ocrx_word' id='word_1_212' title='bbox 1752 3382 2047 3453; x_wconf 75' lang='lat' dir='ltr'>lacertos</span> <span class='ocrx_word' id='word_1_213' title='bbox 2068 3430 2093 3469; x_wconf 90' lang='lat'><strong>,</strong></span> 
     </span>
     <span class='ocr_line' id='line_1_28' title="bbox 189 3489 2093 3594; baseline -0.001 -33"><span class='ocrx_word' id='word_1_214' title='bbox 189 3507 262 3562; x_wconf 89' lang='lat' dir='ltr'>et</span> <span class='ocrx_word' id='word_1_215' title='bbox 287 3490 633 3563; x_wconf 81' lang='lat' dir='ltr'>dilatandi</span> <span class='ocrx_word' id='word_1_216' title='bbox 665 3495 1049 3581; x_wconf 80' lang='lat' dir='ltr'>cervicem,</span> <span class='ocrx_word' id='word_1_217' title='bbox 1093 3516 1173 3563; x_wconf 88' lang='lat' dir='ltr'>ac</span> <span class='ocrx_word' id='word_1_218' title='bbox 1201 3494 1413 3563; x_wconf 82' lang='lat' dir='ltr'>latera</span> <span class='ocrx_word' id='word_1_219' title='bbox 1448 3490 1798 3561; x_wconf 81' lang='lat' dir='ltr'>firmandi.</span> <span class='ocrx_word' id='word_1_220' title='bbox 1836 3489 2093 3594; x_wconf 76' lang='lat' dir='ltr'><strong>Quum</strong></span> 
     </span>
     <span class='ocr_line' id='line_1_29' title="bbox 185 3599 2095 3699; baseline -0.001 -28"><span class='ocrx_word' id='word_1_221' title='bbox 185 3599 323 3671; x_wconf 85' lang='lat' dir='ltr'>tibi</span> <span class='ocrx_word' id='word_1_222' title='bbox 349 3601 648 3673; x_wconf 82' lang='lat' dir='ltr'>feliciter</span> <span class='ocrx_word' id='word_1_223' title='bbox 679 3603 908 3699; x_wconf 85' lang='lat' dir='ltr'>sagina</span> <span class='ocrx_word' id='word_1_224' title='bbox 927 3602 1242 3689; x_wconf 85' lang='lat' dir='ltr'>cesserit,</span> <span class='ocrx_word' id='word_1_225' title='bbox 1275 3616 1350 3672; x_wconf 88' lang='lat' dir='ltr'>et</span> <span class='ocrx_word' id='word_1_226' title='bbox 1377 3599 1515 3671; x_wconf 87' lang='lat' dir='ltr'>tori</span> <span class='ocrx_word' id='word_1_227' title='bbox 1540 3600 1889 3671; x_wconf 82' lang='lat' dir='ltr'>creverint</span> <span class='ocrx_word' id='word_1_228' title='bbox 1904 3618 2095 3675; x_wconf 55' lang='lat' dir='ltr'>{nec</span> 
     </span>
     <span class='ocr_line' id='line_1_30' title="bbox 187 3708 2092 3808; baseline -0.001 -26"><span class='ocrx_word' id='word_1_229' title='bbox 187 3712 364 3783; x_wconf 83' lang='lat' dir='ltr'>vires</span> <span class='ocrx_word' id='word_1_230' title='bbox 381 3736 740 3807; x_wconf 81' lang='lat' dir='ltr'>umquam</span> <span class='ocrx_word' id='word_1_231' title='bbox 759 3714 985 3808; x_wconf 85' lang='lat' dir='ltr'>opimi</span> <span class='ocrx_word' id='word_1_232' title='bbox 1011 3714 1242 3797; x_wconf 84' lang='lat' dir='ltr'>bovis,</span> <span class='ocrx_word' id='word_1_233' title='bbox 1272 3733 1404 3781; x_wconf 87' lang='lat' dir='ltr'>nec</span> <span class='ocrx_word' id='word_1_234' title='bbox 1426 3709 1715 3803; x_wconf 85' lang='lat' dir='ltr'>pondus</span> <span class='ocrx_word' id='word_1_235' title='bbox 1744 3708 2092 3801; x_wconf 61' lang='lat' dir='ltr'>aequabis.</span> 
     </span>
     <span class='ocr_line' id='line_1_31' title="bbox 185 3811 2094 3920; baseline -0.002 -25"><span class='ocrx_word' id='word_1_236' title='bbox 185 3820 436 3898; x_wconf 82' lang='lat' dir='ltr'>Adiice</span> <span class='ocrx_word' id='word_1_237' title='bbox 469 3848 674 3898; x_wconf 81' lang='lat' dir='ltr'>nunc</span> <span class='ocrx_word' id='word_1_238' title='bbox 694 3874 720 3917; x_wconf 85' lang='lat'>‚</span> <span class='ocrx_word' id='word_1_239' title='bbox 751 3824 958 3920; x_wconf 87' lang='lat' dir='ltr'>quod</span> <span class='ocrx_word' id='word_1_240' title='bbox 999 3824 1264 3896; x_wconf 72' lang='lat' dir='ltr'>maiore</span> <span class='ocrx_word' id='word_1_241' title='bbox 1299 3811 1613 3917; x_wconf 72' lang='lat' dir='ltr'>corpotis</span> <span class='ocrx_word' id='word_1_242' title='bbox 1654 3821 1915 3905; x_wconf 50' lang='lat' dir='ltr'>§arcina</span> <span class='ocrx_word' id='word_1_243' title='bbox 1944 3822 2094 3892; x_wconf 86' lang='lat' dir='ltr'>ani-</span> 
     </span>
    </p>
   </div>
   <div class='ocr_carea' id='block_1_9' title="bbox 2801 1282 2803 2291">
    <p class='ocr_par' dir='ltr' id='par_1_9' title="bbox 2801 1282 2803 2291">
     <span class='ocr_line' id='line_1_32' title="bbox 2801 1282 2803 2291; baseline 0 0"><span class='ocrx_word' id='word_1_244' title='bbox 2801 1282 2803 2291; x_wconf 95' lang='lat' dir='ltr'> </span> 
     </span>
    </p>
   </div>
  </div>
 </body>
</html>
