2809 4850
510 402 573 478 E
609 401 673 472 P
707 401 759 472 -1
802 397 857 472 s
901 401 975 472 T
1020 399 1107 474 o-
1148 403 1212 476 L
1256 401 1319 477 A
1367 363 1856 516 xxxvl,
1992 340 2136 516 fij.

182 581 351 643 tere
372 553 749 654 didicisset.
774 561 977 642 ‘Haec
996 559 1283 660 singulis
1304 561 1672 658 disciplina
1695 568 1924 664 gentis
1954 595 2128 648 suae

182 675 493 764 suadet,
534 676 609 746 'et
628 675 959 766 imporat.

289 785 513 893 Quid
532 785 705 856 huic
730 807 897 882 ergo
914 779 1420 856 meditandum
1445 782 1592 859 est?
1621 786 1852 892 Quod
1874 773 2130 872 adver·
2157 869 2166 887 ,

183 919 301 968 eus
329 895 581 967 omnia
605 897 743 966 tela
760 943 783 979 ,
829 891 1035 986 quod
1057 891 1387 966 adversus
1415 917 1636 970 omne
1661 897 1975 974 hostium
1998 925 2126 1004 ge..

182 1031 325 1078 nus
356 1007 549 1077 bene
584 1004 786 1076 facit:
824 1019 1135 1082 mortem
1170 1011 1680 1080 contemnere!
1727 1035 1916 1104 quae
1938 1019 2124 1108 quta

186 1114 453 1190 habeat
486 1114 815 1209 aliquid
796 1139 873 1186 m
906 1137 977 1185 se
1010 1113 1321 1186 terribile
1340 1167 1365 1200 ,
1411 1133 1493 1188 ut
1534 1119 1807 1192 animos
1845 1141 2126 1202 nostros

188 1231 425 1322 (quos
450 1229 530 1299 in
562 1246 879 1298 amorem
904 1224 1011 1298 sui
1052 1239 1303 1296 natura
1348 1225 1734 1326 formavit)
1763 1229 2122 1322 offendat,

188 1361 413 1408 nemo
432 1335 761 1420 dubitem
804 1357 941 1406 nec
980 1335 1173 1408 enim
1210 1357 1395 1428 opus
1427 1357 1598 1408 esset
1627 1337 1710 1408 in
1730 1339 1805 1412 id
1828 1365 2128 1439 compa-

184 1449 317 1518 rari
358 1465 433 1520 et
454 1450 613 1520 acui
634 1498 657 1536 ,
714 1447 791 1516 in
817 1445 1022 1545 quod
1068 1443 1403 1518 instinctu
1435 1449 1758 1539 quodam
1787 1455 2124 1526 volunta·
2164 1467 2171 1473 '

184 1559 293 1628 rio
322 1561 589 1628 iremus
607 1607 634 1642 ,
660 1556 841 1634 sicut
876 1554 1210 1628 feruntur
1248 1578 1494 1630 omnes
1513 1557 1608 1635 ad
1648 1563 2120 1658 conservatio.

184 1688 357 1748 nem
381 1665 513 1740 sui.
559 1663 801 1737 Nemo
850 1659 1098 1748 discit,
1139 1676 1256 1748 ut,
1300 1661 1355 1730 si
1382 1685 1662 1736 necesse
1693 1663 1953 1755 fuerit,
1999 1691 2120 1738 ae-

186 1792 348 1866 quo
372 1773 615 1848 animo
642 1772 721 1849 in
742 1795 894 1854 rosa
920 1769 1135 1842 iaceat
1154 1796 1183 1839 ε-
1220 1767 1446 1842 sedin
1475 1769 1614 1844 hoc
1645 1769 1940 1844 duratur
1959 1824 1984 1862 ,
2030 1770 2128 1847 ut'

184 1880 563 1952 tormentis
609 1903 762 1950 non
805 1877 1187 1954 submittat
1232 1877 1494 1965 fidem3
1549 1892 1670 1966 ut,
1731 1878 1788 1949 si
1834 1903 2114 1956 necesse

181 1989 440 2077 fuerit,
482 2005 703 2079 stam,
742 1989 955 2061 etiam
977 1987 1373 2081 aliquando
1401 1985 1708 2075 saucius,
1763 2013 1896 2084 pro
1923 1993 2114 2065 vallo

180 2101 557 2198 pervigilet
574 2151 597 2187 ,
624 2113 695 2172 et
719 2124 815 2184 ng
834 2099 993 2194 pilo
1014 2098 1316 2195 quidem
1344 2097 1718 2173 incumbat
1737 2148 1759 2187 ,
1797 2101 1966 2192 quia
1995 2085 2128 2176 ³¹02-

179 2216 279 2284 let
323 2199 675 2308 obrepere
708 2212 998 2284 interim
1032 2231 1323 2284 somnus
1354 2212 1432 2283 in
1461 2210 1762 2302 aliquod
1801 2205 2108 2284 admini-

180 2323 433 2393 culum
469 2319 832 2394 reclinatis.
887 2322 1077 2392 Mors
1124 2321 1412 2392 nullum
1455 2319 1669 2395 habet
1700 2319 2108 2394 incommo-

180 2431 399 2507 dum.
452 2449 595 2505 esse
636 2435 829 2505 enim
860 2432 1078 2503 debet
1108 2430 1399 2524 aliquis,
1454 2431 1656 2501 cuius
1701 2430 1790 2504 sit
1827 2429 2108 2505 incom-

176 2542 507 2614 modum.
545 2541 773 2649 Quod
804 2542 856 2613 si
892 2556 1087 2611 tanta
1130 2538 1483 2634 cupiditas
1507 2554 1578 2613 te
1615 2538 1952 2635 longioris
1977 2568 2100 2613 ae-

176 2653 244 2722 vi
268 2668 511 2738 tenet,
550 2653 818 2751 cogita,
856 2652 1035 2721 nihil
1070 2674 1320 2722 eorum
1352 2674 1541 2745 quae
1579 2648 1670 2721 ab
1709 2652 1932 2721 oculis
1971 2653 2103 2725 ab-

177 2770 402 2847 eunt,
448 2778 520 2831 et
554 2762 627 2874 in
661 2785 898 2831 rerum
926 2760 1251 2832 natur-arri
1274 2808 1297 2847 ,
1332 2782 1423 2831 ex
1449 2783 1592 2852 qua
1621 2759 2052 2852 prodierunt
2071 2814 2098 2853 ,

175 2897 253 2945 ac
275 2896 449 2943 mox
473 2864 877 2968 processura
920 2892 1129 2955 sunt,
1168 2869 1702 2953 reconduntur,
1741 2875 2098 2945 consumi.

175 2982 534 3057 Desinunt
566 2988 735 3073 ista,
765 3008 917 3055 non
942 2996 1267 3077 pereunt.
1304 2978 1391 3049 Et
1416 3002 1644 3065 mors),
1683 3003 1906 3070 quarn
1933 3006 2100 3073 per-

174 3091 611 3165 timescimus
632 3118 709 3165 ac
735 3115 1133 3165 recusamus
1150 3144 1173 3179 ,
1203 3087 1610 3163 intermittit
1637 3090 1854 3161 vitam
1885 3142 1906 3175 ,
1939 3114 2093 3163 non

174 3202 417 3296 eripit:
461 3202 707 3289 veniet
733 3203 1035 3283 iterum,
1064 3200 1191 3293 qui
1222 3224 1350 3269 nos
1374 3198 1447 3269 in
1487 3201 1725 3270 lucem
1749 3216 2116 3290 reponat,
2215 3200 2220 3209 '

169 3310 357 3397 dies;
402 3321 629 3403 quem
673 3312 887 3383 multi
928 3309 1363 3398 recusarent,
1411 3308 1545 3381 nisi
1577 3307 1842 3386 oblitos
1865 3298 2092 3382 reduss

168 3434 379 3490 ceret.
400 3412 545 3490 Sed
572 3438 812 3515 postea
823 3420 1229 3519 diligentius
1261 3420 1570 3508 docebo,
1599 3421 1868 3507 omnia,
1897 3442 2090 3517 quae

164 3526 506 3599 videntur
530 3531 759 3623 perire
778 3581 800 3619 ‚
842 3532 1121 3602 mutari.
1166 3529 1428 3625 Aequo
1454 3531 1696 3603 animo
1719 3528 1947 3601 debet
1969 3552 2089 3601 re-

165 3634 449 3709 diturus
462 3641 671 3711 exire
700 3640 1022 3713 Observa
1046 3641 1296 3713 orbem
1318 3665 1554 3712 rerum
1584 3640 1660 3711 in
1677 3662 1750 3713 se
1765 3660 2086 3717 remean-

128 3745 394 3816 tium,
424 3748 701 3821 videbis
727 3751 959 3821 nihil
940 3774 1015 3821 m
1047 3752 1189 3823 hoc
1216 3749 1500 3822 mundo
1527 3748 1916 3847 exstingui,
1957 3750 2085 3823 sed

165 3856 446 4027 vicibine
476 3860 956 3953 descendere,
990 3886 1070 3937 ac
1098 3888 1395 3964 surgere.
1403 3846 1688 4031 Agstas
1721 3858 1916 3955 abit,
1955 3861 2096 3939 ned
