<?xml version="1.0" encoding="UTF-8"?>
<!DOCTYPE html PUBLIC "-//W3C//DTD XHTML 1.0 Transitional//EN"
    "http://www.w3.org/TR/xhtml1/DTD/xhtml1-transitional.dtd">
<html xmlns="http://www.w3.org/1999/xhtml" xml:lang="en" lang="en">
 <head>
  <title>
</title>
<meta http-equiv="Content-Type" content="text/html;charset=utf-8" />
  <meta name='ocr-system' content='tesseract 3.04.00' />
  <meta name='ocr-capabilities' content='ocr_page ocr_carea ocr_par ocr_line ocrx_word'/>
</head>
<body>
  <div class='ocr_page' id='page_1' title='image "./lannaeisenecaea01bipogoog_0133.png"; bbox 0 0 2809 4850; ppageno 0'>
   <div class='ocr_carea' id='block_1_1' title="bbox 1651 133 1685 158">
    <p class='ocr_par' dir='ltr' id='par_1_1' title="bbox 1651 133 1685 158">
     <span class='ocr_line' id='line_1_1' title="bbox 1651 133 1685 158; baseline 0 -2"><span class='ocrx_word' id='word_1_1' title='bbox 1651 133 1685 158; x_wconf 48' lang='grc' dir='ltr'>ἱ</span> 
     </span>
    </p>
   </div>
   <div class='ocr_carea' id='block_1_2' title="bbox 478 369 2146 488">
    <p class='ocr_par' dir='ltr' id='par_1_2' title="bbox 478 369 2146 488">
     <span class='ocr_line' id='line_1_2' title="bbox 478 369 2146 488; baseline 0.003 -30"><span class='ocrx_word' id='word_1_2' title='bbox 478 369 1428 458; x_wconf 52' lang='grc' dir='ltr'>ν·ΕΡ’18ΤΟῙ,Α</span> <span class='ocrx_word' id='word_1_3' title='bbox 1523 380 1760 458; x_wconf 80' lang='lat' dir='ltr'><strong>XLI.</strong></span> <span class='ocrx_word' id='word_1_4' title='bbox 2013 409 2146 488; x_wconf 74' lang='lat'>¹23</span> 
     </span>
    </p>
   </div>
   <div class='ocr_carea' id='block_1_3' title="bbox 158 542 2240 3915">
    <p class='ocr_par' dir='ltr' id='par_1_3' title="bbox 158 542 2240 3679">
     <span class='ocr_line' id='line_1_3' title="bbox 220 542 2146 639; baseline 0.001 -21"><span class='ocrx_word' id='word_1_5' title='bbox 220 543 478 618; x_wconf 83' lang='lat' dir='ltr'>densae</span> <span class='ocrx_word' id='word_1_6' title='bbox 502 557 729 639; x_wconf 86' lang='lat' dir='ltr'>atque</span> <span class='ocrx_word' id='word_1_7' title='bbox 752 542 1139 616; x_wconf 81' lang='lat' dir='ltr'>continuae</span> <span class='ocrx_word' id='word_1_8' title='bbox 1154 597 1174 631; x_wconf 93' lang='lat'>‚</span> <span class='ocrx_word' id='word_1_9' title='bbox 1204 543 1426 616; x_wconf 79' lang='lat' dir='ltr'>fidem</span> <span class='ocrx_word' id='word_1_10' title='bbox 1449 543 1588 618; x_wconf 90' lang='lat' dir='ltr'>tibi</span> <span class='ocrx_word' id='word_1_11' title='bbox 1616 542 1930 616; x_wconf 79' lang='lat' dir='ltr'>numinis</span> <span class='ocrx_word' id='word_1_12' title='bbox 1957 543 2146 620; x_wconf 88' lang='lat' dir='ltr'>facit.</span> 
     </span>
     <span class='ocr_line' id='line_1_4' title="bbox 219 652 2146 748; baseline 0.002 -24"><span class='ocrx_word' id='word_1_13' title='bbox 219 653 351 740; x_wconf 84' lang='lat' dir='ltr'>Et,</span> <span class='ocrx_word' id='word_1_14' title='bbox 394 653 451 724; x_wconf 88' lang='lat' dir='ltr'>si</span> <span class='ocrx_word' id='word_1_15' title='bbox 506 652 669 745; x_wconf 89' lang='lat' dir='ltr'>quis</span> <span class='ocrx_word' id='word_1_16' title='bbox 714 675 963 748; x_wconf 80' lang='lat' dir='ltr'>specus</span> <span class='ocrx_word' id='word_1_17' title='bbox 1010 655 1185 724; x_wconf 84' lang='lat' dir='ltr'>saxis</span> <span class='ocrx_word' id='word_1_18' title='bbox 1231 655 1515 748; x_wconf 84' lang='lat' dir='ltr'>penitus</span> <span class='ocrx_word' id='word_1_19' title='bbox 1553 652 1772 726; x_wconf 81' lang='lat' dir='ltr'>exesis</span> <span class='ocrx_word' id='word_1_20' title='bbox 1811 669 2146 728; x_wconf 84' lang='lat' dir='ltr'>montem</span> 
     </span>
     <span class='ocr_line' id='line_1_5' title="bbox 158 759 2148 854; baseline 0 -22"><span class='ocrx_word' id='word_1_21' title='bbox 158 841 167 850; x_wconf 82' lang='lat'><em>.</em></span> <span class='ocrx_word' id='word_1_22' title='bbox 214 759 713 854; x_wconf 85' lang='lat' dir='ltr'>suspenderit,</span> <span class='ocrx_word' id='word_1_23' title='bbox 757 783 911 833; x_wconf 86' lang='lat' dir='ltr'>non</span> <span class='ocrx_word' id='word_1_24' title='bbox 952 785 1175 834; x_wconf 86' lang='lat' dir='ltr'>manu</span> <span class='ocrx_word' id='word_1_25' title='bbox 1210 759 1434 834; x_wconf 82' lang='lat' dir='ltr'>factus</span> <span class='ocrx_word' id='word_1_26' title='bbox 1453 811 1482 848; x_wconf 90' lang='lat'><strong><em>‚</em></strong></span> <span class='ocrx_word' id='word_1_27' title='bbox 1531 761 1657 833; x_wconf 83' lang='lat' dir='ltr'>sed</span> <span class='ocrx_word' id='word_1_28' title='bbox 1707 761 2148 834; x_wconf 80' lang='lat' dir='ltr'>naturalibus</span> 
     </span>
     <span class='ocr_line' id='line_1_6' title="bbox 212 868 2148 956; baseline 0.001 -18"><span class='ocrx_word' id='word_1_29' title='bbox 212 868 439 946; x_wconf 83' lang='lat' dir='ltr'>causis</span> <span class='ocrx_word' id='word_1_30' title='bbox 484 869 565 940; x_wconf 88' lang='lat' dir='ltr'>in</span> <span class='ocrx_word' id='word_1_31' title='bbox 616 885 889 940; x_wconf 85' lang='lat' dir='ltr'>tantam</span> <span class='ocrx_word' id='word_1_32' title='bbox 932 869 1301 942; x_wconf 80' lang='lat' dir='ltr'>laxitatem</span> <span class='ocrx_word' id='word_1_33' title='bbox 1356 887 1769 956; x_wconf 54' lang='lat' dir='ltr'>excavatum</span> <span class='ocrx_word' id='word_1_34' title='bbox 1815 870 2148 942; x_wconf 84' lang='lat' dir='ltr'>animum</span> 
     </span>
     <span class='ocr_line' id='line_1_7' title="bbox 210 977 2148 1076; baseline 0 -26"><span class='ocrx_word' id='word_1_35' title='bbox 210 995 435 1052; x_wconf 83' lang='lat' dir='ltr'>tuum</span> <span class='ocrx_word' id='word_1_36' title='bbox 456 979 775 1073; x_wconf 86' lang='lat' dir='ltr'>quadam</span> <span class='ocrx_word' id='word_1_37' title='bbox 794 978 1151 1076; x_wconf 77' lang='lat' dir='ltr'>religionis</span> <span class='ocrx_word' id='word_1_38' title='bbox 1171 979 1569 1073; x_wconf 74' lang='lat' dir='ltr'>suspicione</span> <span class='ocrx_word' id='word_1_39' title='bbox 1585 980 1955 1076; x_wconf 70' lang='lat' dir='ltr'>percutiet.</span> <span class='ocrx_word' id='word_1_40' title='bbox 1989 977 2148 1050; x_wconf 86' lang='lat' dir='ltr'>Ma·</span> 
     </span>
     <span class='ocr_line' id='line_1_8' title="bbox 215 1088 2150 1188; baseline 0.001 -28"><span class='ocrx_word' id='word_1_41' title='bbox 215 1113 537 1188; x_wconf 85' lang='lat' dir='ltr'>gnorum</span> <span class='ocrx_word' id='word_1_42' title='bbox 574 1088 965 1162; x_wconf 79' lang='lat' dir='ltr'>fluminum</span> <span class='ocrx_word' id='word_1_43' title='bbox 1007 1091 1239 1184; x_wconf 85' lang='lat' dir='ltr'>capita</span> <span class='ocrx_word' id='word_1_44' title='bbox 1275 1115 1736 1179; x_wconf 83' lang='lat' dir='ltr'>veneramur;</span> <span class='ocrx_word' id='word_1_45' title='bbox 1781 1089 2019 1164; x_wconf 85' lang='lat' dir='ltr'>subita</span> <span class='ocrx_word' id='word_1_46' title='bbox 2053 1111 2150 1162; x_wconf 84' lang='lat' dir='ltr'>ex</span> 
     </span>
     <span class='ocr_line' id='line_1_9' title="bbox 216 1198 2148 1294; baseline -0.001 -24"><span class='ocrx_word' id='word_1_47' title='bbox 216 1200 473 1272; x_wconf 82' lang='lat' dir='ltr'>abdito</span> <span class='ocrx_word' id='word_1_48' title='bbox 516 1202 690 1273; x_wconf 80' lang='lat' dir='ltr'>vasti</span> <span class='ocrx_word' id='word_1_49' title='bbox 734 1201 963 1272; x_wconf 86' lang='lat' dir='ltr'>amnis</span> <span class='ocrx_word' id='word_1_50' title='bbox 988 1201 1274 1294; x_wconf 85' lang='lat' dir='ltr'>eruptio</span> <span class='ocrx_word' id='word_1_51' title='bbox 1316 1225 1460 1271; x_wconf 86' lang='lat' dir='ltr'>aras</span> <span class='ocrx_word' id='word_1_52' title='bbox 1504 1199 1722 1272; x_wconf 90' lang='lat' dir='ltr'>habet</span> <span class='ocrx_word' id='word_1_53' title='bbox 1735 1223 1760 1286; x_wconf 83' lang='lat'>3</span> <span class='ocrx_word' id='word_1_54' title='bbox 1807 1198 2148 1273; x_wconf 85' lang='lat' dir='ltr'>coluntur</span> 
     </span>
     <span class='ocr_line' id='line_1_10' title="bbox 212 1307 2145 1406; baseline -0.001 -27"><span class='ocrx_word' id='word_1_55' title='bbox 212 1331 570 1402; x_wconf 85' lang='lat' dir='ltr'>aquarum</span> <span class='ocrx_word' id='word_1_56' title='bbox 588 1311 977 1382; x_wconf 86' lang='lat' dir='ltr'>calentium</span> <span class='ocrx_word' id='word_1_57' title='bbox 1000 1309 1268 1397; x_wconf 74' lang='lat' dir='ltr'>fontes3</span> <span class='ocrx_word' id='word_1_58' title='bbox 1296 1328 1369 1381; x_wconf 86' lang='lat' dir='ltr'>et</span> <span class='ocrx_word' id='word_1_59' title='bbox 1390 1327 1625 1406; x_wconf 86' lang='lat' dir='ltr'>stagna</span> <span class='ocrx_word' id='word_1_60' title='bbox 1647 1307 2004 1401; x_wconf 81' lang='lat' dir='ltr'>quaedam</span> <span class='ocrx_word' id='word_1_61' title='bbox 2025 1309 2145 1378; x_wconf 83' lang='lat' dir='ltr'>vel</span> 
     </span>
     <span class='ocr_line' id='line_1_11' title="bbox 218 1414 2145 1508; baseline -0.002 -20"><span class='ocrx_word' id='word_1_62' title='bbox 218 1417 531 1508; x_wconf 81' lang='lat' dir='ltr'>opacitas</span> <span class='ocrx_word' id='word_1_63' title='bbox 564 1418 680 1488; x_wconf 84' lang='lat' dir='ltr'>vel</span> <span class='ocrx_word' id='word_1_64' title='bbox 724 1418 1041 1494; x_wconf 80' lang='lat' dir='ltr'>inmensa</span> <span class='ocrx_word' id='word_1_65' title='bbox 1077 1417 1389 1488; x_wconf 85' lang='lat' dir='ltr'>altitudo</span> <span class='ocrx_word' id='word_1_66' title='bbox 1435 1416 1748 1488; x_wconf 80' lang='lat' dir='ltr'>sacravit.</span> <span class='ocrx_word' id='word_1_67' title='bbox 1791 1414 1867 1487; x_wconf 89' lang='lat' dir='ltr'>Si</span> <span class='ocrx_word' id='word_1_68' title='bbox 1901 1414 2145 1486; x_wconf 84' lang='lat' dir='ltr'>homi·</span> 
     </span>
     <span class='ocr_line' id='line_1_12' title="bbox 216 1523 2144 1618; baseline -0.002 -22"><span class='ocrx_word' id='word_1_69' title='bbox 216 1545 387 1596; x_wconf 83' lang='lat' dir='ltr'>nem</span> <span class='ocrx_word' id='word_1_70' title='bbox 422 1523 683 1594; x_wconf 81' lang='lat' dir='ltr'>videris</span> <span class='ocrx_word' id='word_1_71' title='bbox 704 1525 1111 1597; x_wconf 85' lang='lat' dir='ltr'>interritum</span> <span class='ocrx_word' id='word_1_72' title='bbox 1148 1524 1510 1618; x_wconf 86' lang='lat' dir='ltr'>periculis,</span> <span class='ocrx_word' id='word_1_73' title='bbox 1557 1524 1910 1612; x_wconf 78' lang='lat' dir='ltr'>intactum</span> <span class='ocrx_word' id='word_1_74' title='bbox 1941 1523 2144 1618; x_wconf 86' lang='lat' dir='ltr'>cupi-</span> 
     </span>
     <span class='ocr_line' id='line_1_13' title="bbox 214 1632 2145 1723; baseline 0.001 -17"><span class='ocrx_word' id='word_1_75' title='bbox 214 1633 605 1723; x_wconf 86' lang='lat' dir='ltr'>ditatibus,</span> <span class='ocrx_word' id='word_1_76' title='bbox 644 1635 829 1707; x_wconf 87' lang='lat' dir='ltr'>inter</span> <span class='ocrx_word' id='word_1_77' title='bbox 867 1633 1154 1708; x_wconf 85' lang='lat' dir='ltr'>adversa</span> <span class='ocrx_word' id='word_1_78' title='bbox 1196 1634 1516 1720; x_wconf 83' lang='lat' dir='ltr'>felicem,</span> <span class='ocrx_word' id='word_1_79' title='bbox 1555 1633 1630 1704; x_wconf 89' lang='lat' dir='ltr'>in</span> <span class='ocrx_word' id='word_1_80' title='bbox 1673 1632 1928 1706; x_wconf 88' lang='lat' dir='ltr'>mediis</span> <span class='ocrx_word' id='word_1_81' title='bbox 1959 1647 2145 1708; x_wconf 83' lang='lat' dir='ltr'>tem·</span> 
     </span>
     <span class='ocr_line' id='line_1_14' title="bbox 214 1741 2146 1838; baseline 0 -24"><span class='ocrx_word' id='word_1_82' title='bbox 214 1743 610 1838; x_wconf 69' lang='lat' dir='ltr'>pestatibus</span> <span class='ocrx_word' id='word_1_83' title='bbox 637 1741 1000 1837; x_wconf 87' lang='lat' dir='ltr'>placidum</span> <span class='ocrx_word' id='word_1_84' title='bbox 1022 1791 1047 1830; x_wconf 90' lang='lat'><strong>,</strong></span> <span class='ocrx_word' id='word_1_85' title='bbox 1096 1767 1187 1814; x_wconf 86' lang='lat' dir='ltr'>ex</span> <span class='ocrx_word' id='word_1_86' title='bbox 1216 1743 1580 1838; x_wconf 83' lang='lat' dir='ltr'>superiore</span> <span class='ocrx_word' id='word_1_87' title='bbox 1623 1744 1788 1814; x_wconf 84' lang='lat' dir='ltr'>loco</span> <span class='ocrx_word' id='word_1_88' title='bbox 1813 1741 2146 1814; x_wconf 81' lang='lat' dir='ltr'>homines</span> 
     </span>
     <span class='ocr_line' id='line_1_15' title="bbox 214 1847 2146 1943; baseline 0 -23"><span class='ocrx_word' id='word_1_89' title='bbox 214 1848 635 1937; x_wconf 81' lang='lat' dir='ltr'>videntem,</span> <span class='ocrx_word' id='word_1_90' title='bbox 683 1874 779 1921; x_wconf 82' lang='lat' dir='ltr'>ex</span> <span class='ocrx_word' id='word_1_91' title='bbox 818 1847 1056 1943; x_wconf 87' lang='lat' dir='ltr'>aequo</span> <span class='ocrx_word' id='word_1_92' title='bbox 1097 1850 1329 1937; x_wconf 83' lang='lat' dir='ltr'>Deos3</span> <span class='ocrx_word' id='word_1_93' title='bbox 1380 1871 1536 1922; x_wconf 86' lang='lat' dir='ltr'>non</span> <span class='ocrx_word' id='word_1_94' title='bbox 1569 1848 1846 1920; x_wconf 76' lang='lat' dir='ltr'>subibit</span> <span class='ocrx_word' id='word_1_95' title='bbox 1883 1864 1956 1920; x_wconf 86' lang='lat' dir='ltr'>te</span> <span class='ocrx_word' id='word_1_96' title='bbox 1995 1848 2146 1920; x_wconf 85' lang='lat' dir='ltr'>eius</span> 
     </span>
     <span class='ocr_line' id='line_1_16' title="bbox 216 1955 2148 2058; baseline 0.001 -28"><span class='ocrx_word' id='word_1_97' title='bbox 216 1955 637 2030; x_wconf 79' lang='lat' dir='ltr'>veneratio?</span> <span class='ocrx_word' id='word_1_98' title='bbox 680 1979 832 2030; x_wconf 86' lang='lat' dir='ltr'>non</span> <span class='ocrx_word' id='word_1_99' title='bbox 880 1958 1105 2031; x_wconf 77' lang='lat' dir='ltr'>dices:</span> <span class='ocrx_word' id='word_1_100' title='bbox 1160 1959 1295 2031; x_wconf 70' lang='lat' dir='ltr'>Im</span> <span class='ocrx_word' id='word_1_101' title='bbox 1340 1984 1448 2031; x_wconf 86' lang='lat' dir='ltr'>res</span> <span class='ocrx_word' id='word_1_102' title='bbox 1487 1960 1714 2031; x_wconf 85' lang='lat' dir='ltr'>maior</span> <span class='ocrx_word' id='word_1_103' title='bbox 1758 1975 1862 2058; x_wconf 82' lang='lat' dir='ltr'>est</span> <span class='ocrx_word' id='word_1_104' title='bbox 1902 1959 2148 2032; x_wconf 82' lang='lat' dir='ltr'>altior-</span> 
     </span>
     <span class='ocr_line' id='line_1_17' title="bbox 216 2068 2146 2164; baseline 0.002 -26"><span class='ocrx_word' id='word_1_105' title='bbox 216 2087 403 2159; x_wconf 85' lang='lat' dir='ltr'>que,</span> <span class='ocrx_word' id='word_1_106' title='bbox 436 2087 664 2160; x_wconf 85' lang='lat' dir='ltr'>quam</span> <span class='ocrx_word' id='word_1_107' title='bbox 689 2086 775 2140; x_wconf 91' lang='lat' dir='ltr'>ut</span> <span class='ocrx_word' id='word_1_108' title='bbox 798 2068 993 2142; x_wconf 85' lang='lat' dir='ltr'>credi</span> <span class='ocrx_word' id='word_1_109' title='bbox 1016 2069 1259 2142; x_wconf 80' lang='lat' dir='ltr'>similis</span> <span class='ocrx_word' id='word_1_110' title='bbox 1284 2070 1452 2141; x_wconf 88' lang='lat' dir='ltr'>huic</span> <span class='ocrx_word' id='word_1_111' title='bbox 1469 2118 1493 2160; x_wconf 86' lang='lat'><strong>,</strong></span> <span class='ocrx_word' id='word_1_112' title='bbox 1524 2070 1599 2142; x_wconf 86' lang='lat' dir='ltr'>in</span> <span class='ocrx_word' id='word_1_113' title='bbox 1627 2093 1782 2164; x_wconf 89' lang='lat' dir='ltr'>quo</span> <span class='ocrx_word' id='word_1_114' title='bbox 1807 2086 1910 2140; x_wconf 85' lang='lat' dir='ltr'>est</span> <span class='ocrx_word' id='word_1_115' title='bbox 1927 2119 1950 2158; x_wconf 90' lang='lat'>,</span> <span class='ocrx_word' id='word_1_116' title='bbox 1985 2093 2146 2142; x_wconf 87' lang='lat' dir='ltr'>cor·</span> 
     </span>
     <span class='ocr_line' id='line_1_18' title="bbox 206 2175 2146 2271; baseline 0.001 -25"><span class='ocrx_word' id='word_1_117' title='bbox 206 2175 524 2270; x_wconf 74' lang='lat' dir='ltr'>-pusculo</span> <span class='ocrx_word' id='word_1_118' title='bbox 559 2175 829 2271; x_wconf 78' lang='lat' dir='ltr'>possit?</span> <span class='ocrx_word' id='word_1_119' title='bbox 870 2175 997 2250; x_wconf 88' lang='lat' dir='ltr'>Vis</span> <span class='ocrx_word' id='word_1_120' title='bbox 1036 2178 1215 2250; x_wconf 80' lang='lat' dir='ltr'>istuc</span> <span class='ocrx_word' id='word_1_121' title='bbox 1250 2178 1491 2251; x_wconf 81' lang='lat' dir='ltr'>divina</span> <span class='ocrx_word' id='word_1_122' title='bbox 1531 2177 1915 2254; x_wconf 76' lang='lat' dir='ltr'>descendit.</span> <span class='ocrx_word' id='word_1_123' title='bbox 1963 2176 2146 2248; x_wconf 82' lang='lat' dir='ltr'>Ani-</span> 
     </span>
     <span class='ocr_line' id='line_1_19' title="bbox 212 2285 2144 2383; baseline 0.002 -25"><span class='ocrx_word' id='word_1_124' title='bbox 212 2307 421 2358; x_wconf 85' lang='lat' dir='ltr'>mum</span> <span class='ocrx_word' id='word_1_125' title='bbox 456 2285 955 2376; x_wconf 82' lang='lat' dir='ltr'>excellentem,</span> <span class='ocrx_word' id='word_1_126' title='bbox 987 2287 1476 2378; x_wconf 87' lang='lat' dir='ltr'>moderatum,</span> <span class='ocrx_word' id='word_1_127' title='bbox 1505 2291 1746 2363; x_wconf 86' lang='lat' dir='ltr'>omnia</span> <span class='ocrx_word' id='word_1_128' title='bbox 1765 2308 2144 2383; x_wconf 84' lang='lat' dir='ltr'>tamquam</span> 
     </span>
     <span class='ocr_line' id='line_1_20' title="bbox 211 2395 2240 2495; baseline 0.003 -27"><span class='ocrx_word' id='word_1_129' title='bbox 211 2395 497 2471; x_wconf 85' lang='lat' dir='ltr'>minora</span> <span class='ocrx_word' id='word_1_130' title='bbox 540 2413 1022 2473; x_wconf 78' lang='lat' dir='ltr'>transeuntem</span> <span class='ocrx_word' id='word_1_131' title='bbox 1049 2451 1072 2489; x_wconf 85' lang='lat'><strong>,</strong></span> <span class='ocrx_word' id='word_1_132' title='bbox 1124 2399 1494 2495; x_wconf 88' lang='lat' dir='ltr'>quidquid</span> <span class='ocrx_word' id='word_1_133' title='bbox 1544 2401 1886 2473; x_wconf 87' lang='lat' dir='ltr'>timemus</span> <span class='ocrx_word' id='word_1_134' title='bbox 1936 2415 2146 2495; x_wconf 84' lang='lat' dir='ltr'>opta-</span> <span class='ocrx_word' id='word_1_135' title='bbox 2233 2432 2240 2439; x_wconf 92' lang='lat'><strong>·</strong></span> 
     </span>
     <span class='ocr_line' id='line_1_21' title="bbox 210 2506 2141 2608; baseline 0.001 -31"><span class='ocrx_word' id='word_1_136' title='bbox 210 2529 527 2599; x_wconf 86' lang='lat' dir='ltr'>musque</span> <span class='ocrx_word' id='word_1_137' title='bbox 547 2506 909 2583; x_wconf 84' lang='lat' dir='ltr'>ridentem</span> <span class='ocrx_word' id='word_1_138' title='bbox 929 2560 953 2597; x_wconf 87' lang='lat'>‚</span> <span class='ocrx_word' id='word_1_139' title='bbox 972 2512 1309 2585; x_wconf 71' lang='lat' dir='ltr'>‘coelestis</span> <span class='ocrx_word' id='word_1_140' title='bbox 1332 2512 1660 2605; x_wconf 86' lang='lat' dir='ltr'>potentia</span> <span class='ocrx_word' id='word_1_141' title='bbox 1687 2511 1921 2608; x_wconf 84' lang='lat' dir='ltr'>agitat.</span> <span class='ocrx_word' id='word_1_142' title='bbox 1960 2508 2037 2579; x_wconf 91' lang='lat' dir='ltr'>N</span> <span class='ocrx_word' id='word_1_143' title='bbox 2039 2530 2141 2580; x_wconf 89' lang='lat' dir='ltr'>on</span> 
     </span>
     <span class='ocr_line' id='line_1_22' title="bbox 209 2614 2141 2707; baseline 0.002 -25"><span class='ocrx_word' id='word_1_144' title='bbox 209 2629 451 2707; x_wconf 81' lang='lat' dir='ltr'>potest</span> <span class='ocrx_word' id='word_1_145' title='bbox 484 2636 595 2684; x_wconf 85' lang='lat' dir='ltr'>res</span> <span class='ocrx_word' id='word_1_146' title='bbox 634 2632 831 2687; x_wconf 83' lang='lat' dir='ltr'>tanta</span> <span class='ocrx_word' id='word_1_147' title='bbox 861 2618 1019 2687; x_wconf 85' lang='lat' dir='ltr'>sine</span> <span class='ocrx_word' id='word_1_148' title='bbox 1055 2614 1500 2690; x_wconf 87' lang='lat' dir='ltr'>adminiculo</span> <span class='ocrx_word' id='word_1_149' title='bbox 1543 2616 1880 2689; x_wconf 75' lang='lat' dir='ltr'>Numinis</span> <span class='ocrx_word' id='word_1_150' title='bbox 1917 2631 2096 2685; x_wconf 87' lang='lat' dir='ltr'>stare</span> <span class='ocrx_word' id='word_1_151' title='bbox 2120 2641 2141 2684; x_wconf 70' lang='grc' dir='ltr'><em>τ</em></span> 
     </span>
     <span class='ocr_line' id='line_1_23' title="bbox 200 2720 2138 2827; baseline 0.002 -36"><span class='ocrx_word' id='word_1_152' title='bbox 200 2720 462 2827; x_wconf 66' lang='grc' dir='ltr'>οὶῑειεῙιιεε</span> <span class='ocrx_word' id='word_1_153' title='bbox 504 2723 773 2797; x_wconf 87' lang='lat' dir='ltr'>maiore</span> <span class='ocrx_word' id='word_1_154' title='bbox 798 2725 906 2795; x_wconf 87' lang='lat' dir='ltr'>sui</span> <span class='ocrx_word' id='word_1_155' title='bbox 932 2744 1129 2821; x_wconf 87' lang='lat' dir='ltr'>parte</span> <span class='ocrx_word' id='word_1_156' title='bbox 1158 2726 1303 2797; x_wconf 87' lang='lat' dir='ltr'>illic</span> <span class='ocrx_word' id='word_1_157' title='bbox 1325 2745 1432 2799; x_wconf 88' lang='lat' dir='ltr'>est</span> <span class='ocrx_word' id='word_1_158' title='bbox 1450 2776 1477 2815; x_wconf 91' lang='lat'><strong>,</strong></span> <span class='ocrx_word' id='word_1_159' title='bbox 1523 2725 1726 2797; x_wconf 86' lang='lat' dir='ltr'>unde</span> <span class='ocrx_word' id='word_1_160' title='bbox 1755 2723 2138 2795; x_wconf 81' lang='lat' dir='ltr'>descendit.</span> 
     </span>
     <span class='ocr_line' id='line_1_24' title="bbox 213 2830 2144 2939; baseline 0.001 -37"><span class='ocrx_word' id='word_1_161' title='bbox 213 2830 871 2939; x_wconf 75' lang='lat' dir='ltr'>Quemadmodum</span> <span class='ocrx_word' id='word_1_162' title='bbox 918 2835 1097 2907; x_wconf 86' lang='lat' dir='ltr'>radii</span> <span class='ocrx_word' id='word_1_163' title='bbox 1148 2836 1311 2907; x_wconf 83' lang='lat' dir='ltr'>solis</span> <span class='ocrx_word' id='word_1_164' title='bbox 1362 2836 1796 2932; x_wconf 86' lang='lat' dir='ltr'>contingunt</span> <span class='ocrx_word' id='word_1_165' title='bbox 1838 2833 2144 2927; x_wconf 85' lang='lat' dir='ltr'>quidem</span> 
     </span>
     <span class='ocr_line' id='line_1_25' title="bbox 210 2941 2146 3033; baseline -0.001 -20"><span class='ocrx_word' id='word_1_166' title='bbox 210 2958 467 3015; x_wconf 87' lang='lat' dir='ltr'>terram</span> <span class='ocrx_word' id='word_1_167' title='bbox 490 2995 514 3033; x_wconf 89' lang='lat'>,</span> <span class='ocrx_word' id='word_1_168' title='bbox 544 2941 667 3015; x_wconf 86' lang='lat' dir='ltr'>sed</span> <span class='ocrx_word' id='word_1_169' title='bbox 695 2944 795 3016; x_wconf 91' lang='lat' dir='ltr'>ibi</span> <span class='ocrx_word' id='word_1_170' title='bbox 824 2958 1027 3033; x_wconf 77' lang='lat' dir='ltr'>su‘nt,</span> <span class='ocrx_word' id='word_1_171' title='bbox 1065 2944 1266 3016; x_wconf 88' lang='lat' dir='ltr'>unde</span> <span class='ocrx_word' id='word_1_172' title='bbox 1284 2946 1716 3015; x_wconf 80' lang='lat' dir='ltr'>mittuntur:</span> <span class='ocrx_word' id='word_1_173' title='bbox 1746 2944 1841 3013; x_wconf 86' lang='lat' dir='ltr'>sic</span> <span class='ocrx_word' id='word_1_174' title='bbox 1863 2944 2146 3014; x_wconf 82' lang='lat' dir='ltr'>animus</span> 
     </span>
     <span class='ocr_line' id='line_1_26' title="bbox 176 3052 2147 3151; baseline -0.006 -20"><span class='ocrx_word' id='word_1_175' title='bbox 176 3076 516 3151; x_wconf 83' lang='lat' dir='ltr'>.magnus</span> <span class='ocrx_word' id='word_1_176' title='bbox 543 3070 616 3125; x_wconf 95' lang='lat' dir='ltr'>et</span> <span class='ocrx_word' id='word_1_177' title='bbox 652 3076 876 3144; x_wconf 84' lang='lat' dir='ltr'>sacer,</span> <span class='ocrx_word' id='word_1_178' title='bbox 930 3073 1005 3127; x_wconf 90' lang='lat' dir='ltr'>et</span> <span class='ocrx_word' id='word_1_179' title='bbox 1028 3054 1106 3125; x_wconf 89' lang='lat' dir='ltr'>in</span> <span class='ocrx_word' id='word_1_180' title='bbox 1142 3056 1283 3127; x_wconf 90' lang='lat' dir='ltr'>hoc</span> <span class='ocrx_word' id='word_1_181' title='bbox 1318 3052 1694 3141; x_wconf 87' lang='lat' dir='ltr'>demissus,</span> <span class='ocrx_word' id='word_1_182' title='bbox 1743 3069 1826 3123; x_wconf 89' lang='lat' dir='ltr'>ut</span> <span class='ocrx_word' id='word_1_183' title='bbox 1849 3052 2147 3145; x_wconf 81' lang='lat' dir='ltr'>propius</span> 
     </span>
     <span class='ocr_line' id='line_1_27' title="bbox 158 3160 2140 3263; baseline 0 -30"><span class='ocrx_word' id='word_1_184' title='bbox 158 3252 165 3263; x_wconf 30' lang='lat'><strong><em>¹</em></strong></span> <span class='ocrx_word' id='word_1_185' title='bbox 210 3161 451 3234; x_wconf 87' lang='lat' dir='ltr'>divina</span> <span class='ocrx_word' id='word_1_186' title='bbox 476 3176 839 3236; x_wconf 64' lang='lat' dir='ltr'>nossemue</span> <span class='ocrx_word' id='word_1_187' title='bbox 864 3216 887 3252; x_wconf 90' lang='lat'>‚</span> <span class='ocrx_word' id='word_1_188' title='bbox 921 3183 1373 3237; x_wconf 81' lang='lat' dir='ltr'>conversatur</span> <span class='ocrx_word' id='word_1_189' title='bbox 1396 3162 1697 3257; x_wconf 86' lang='lat' dir='ltr'>quidem</span> <span class='ocrx_word' id='word_1_190' title='bbox 1725 3160 2140 3250; x_wconf 85' lang='lat' dir='ltr'>nobiscum,</span> 
     </span>
     <span class='ocr_line' id='line_1_28' title="bbox 208 3258 2140 3371; baseline 0.001 -30"><span class='ocrx_word' id='word_1_191' title='bbox 208 3270 331 3341; x_wconf 84' lang='lat' dir='ltr'>sed</span> <span class='ocrx_word' id='word_1_192' title='bbox 356 3272 600 3344; x_wconf 84' lang='lat' dir='ltr'>haeret</span> <span class='ocrx_word' id='word_1_193' title='bbox 616 3274 870 3371; x_wconf 86' lang='lat' dir='ltr'>origini</span> <span class='ocrx_word' id='word_1_194' title='bbox 892 3298 1089 3347; x_wconf 84' lang='lat' dir='ltr'>suae:</span> <span class='ocrx_word' id='word_1_195' title='bbox 1118 3273 1317 3345; x_wconf 88' lang='lat' dir='ltr'>illinc</span> <span class='ocrx_word' id='word_1_196' title='bbox 1336 3272 1636 3367; x_wconf 81' lang='lat' dir='ltr'>pendet3</span> <span class='ocrx_word' id='word_1_197' title='bbox 1671 3258 2140 3366; x_wconf 77' lang='lat' dir='ltr'>inuc&#39;spectat</span> 
     </span>
     <span class='ocr_line' id='line_1_29' title="bbox 208 3375 2146 3483; baseline -0.001 -34"><span class='ocrx_word' id='word_1_198' title='bbox 208 3402 293 3451; x_wconf 83' lang='lat' dir='ltr'>ac</span> <span class='ocrx_word' id='word_1_199' title='bbox 310 3379 601 3451; x_wconf 86' lang='lat' dir='ltr'>nititur:</span> <span class='ocrx_word' id='word_1_200' title='bbox 632 3382 882 3452; x_wconf 85' lang='lat' dir='ltr'>nostris</span> <span class='ocrx_word' id='word_1_201' title='bbox 908 3400 1282 3475; x_wconf 82' lang='lat' dir='ltr'>tamquam</span> <span class='ocrx_word' id='word_1_202' title='bbox 1310 3381 1564 3453; x_wconf 87' lang='lat' dir='ltr'>melior</span> <span class='ocrx_word' id='word_1_203' title='bbox 1591 3379 1902 3453; x_wconf 83' lang='lat' dir='ltr'>interest.</span> <span class='ocrx_word' id='word_1_204' title='bbox 1958 3375 2146 3483; x_wconf 75' lang='lat' dir='ltr'>Quis</span> 
     </span>
     <span class='ocr_line' id='line_1_30' title="bbox 214 3484 2148 3585; baseline -0.002 -27"><span class='ocrx_word' id='word_1_205' title='bbox 214 3502 317 3558; x_wconf 87' lang='lat' dir='ltr'>est</span> <span class='ocrx_word' id='word_1_206' title='bbox 341 3488 707 3585; x_wconf 77' lang='lat' dir='ltr'>ergohic?</span> <span class='ocrx_word' id='word_1_207' title='bbox 748 3489 1031 3563; x_wconf 85' lang='lat' dir='ltr'>animus</span> <span class='ocrx_word' id='word_1_208' title='bbox 1054 3490 1186 3585; x_wconf 77' lang='lat' dir='ltr'>qui</span> <span class='ocrx_word' id='word_1_209' title='bbox 1226 3490 1432 3564; x_wconf 89' lang='lat' dir='ltr'>nullo</span> <span class='ocrx_word' id='word_1_210' title='bbox 1462 3488 1668 3563; x_wconf 87' lang='lat' dir='ltr'>bono</span> <span class='ocrx_word' id='word_1_211' title='bbox 1701 3490 1834 3561; x_wconf 79' lang='lat' dir='ltr'>nisi</span> <span class='ocrx_word' id='word_1_212' title='bbox 1867 3511 1998 3559; x_wconf 83' lang='lat' dir='ltr'>suo</span> <span class='ocrx_word' id='word_1_213' title='bbox 2031 3484 2148 3559; x_wconf 84' lang='lat' dir='ltr'>ni·</span> 
     </span>
     <span class='ocr_line' id='line_1_31' title="bbox 212 3612 1119 3679; baseline 0 -12"><span class='ocrx_word' id='word_1_214' title='bbox 212 3612 409 3668; x_wconf 69' lang='lat' dir='ltr'>utut.</span> <span class='ocrx_word' id='word_1_215' title='bbox 650 3672 657 3679; x_wconf 62' lang='grc'><strong>,</strong></span> <span class='ocrx_word' id='word_1_216' title='bbox 1113 3620 1119 3627; x_wconf 83' lang='grc'><em>“</em></span> 
     </span>
    </p>

    <p class='ocr_par' dir='ltr' id='par_1_4' title="bbox 192 3704 2142 3915">
     <span class='ocr_line' id='line_1_32' title="bbox 192 3704 2142 3813; baseline 0.003 -38"><span class='ocrx_word' id='word_1_217' title='bbox 192 3778 207 3789; x_wconf 59' lang='grc'>,</span> <span class='ocrx_word' id='word_1_218' title='bbox 298 3704 517 3813; x_wconf 51' lang='lat' dir='ltr'>‚Quid</span> <span class='ocrx_word' id='word_1_219' title='bbox 541 3706 737 3779; x_wconf 85' lang='lat' dir='ltr'>enim</span> <span class='ocrx_word' id='word_1_220' title='bbox 772 3721 882 3780; x_wconf 67' lang='lat' dir='ltr'>est,</span> <span class='ocrx_word' id='word_1_221' title='bbox 898 3708 1220 3795; x_wconf 83' lang='lat' dir='ltr'>stultius,</span> <span class='ocrx_word' id='word_1_222' title='bbox 1255 3730 1478 3802; x_wconf 83' lang='lat' dir='ltr'>quam</span> <span class='ocrx_word' id='word_1_223' title='bbox 1496 3707 1574 3779; x_wconf 89' lang='lat' dir='ltr'>in</span> <span class='ocrx_word' id='word_1_224' title='bbox 1593 3707 1892 3780; x_wconf 86' lang='lat' dir='ltr'>homine</span> <span class='ocrx_word' id='word_1_225' title='bbox 1915 3707 2142 3781; x_wconf 84' lang='lat' dir='ltr'>aliena</span> 
     </span>
     <span class='ocr_line' id='line_1_33' title="bbox 208 3806 2142 3915; baseline 0.002 -28"><span class='ocrx_word' id='word_1_226' title='bbox 208 3812 547 3889; x_wconf 82' lang='lat' dir='ltr'>laudare?</span> <span class='ocrx_word' id='word_1_227' title='bbox 574 3817 862 3912; x_wconf 81' lang='lat' dir='ltr'>quideo</span> <span class='ocrx_word' id='word_1_228' title='bbox 878 3818 1325 3907; x_wconf 79' lang='lat' dir='ltr'>dementius,</span> <span class='ocrx_word' id='word_1_229' title='bbox 1353 3819 1484 3913; x_wconf 83' lang='lat' dir='ltr'>qui</span> <span class='ocrx_word' id='word_1_230' title='bbox 1511 3806 1931 3910; x_wconf 59' lang='lat' dir='ltr'>«nminem</span> <span class='ocrx_word' id='word_1_231' title='bbox 1952 3842 2142 3915; x_wconf 85' lang='lat' dir='ltr'>quae</span> 
     </span>
    </p>
   </div>
  </div>
 </body>
</html>
