<?xml version="1.0" encoding="UTF-8"?>
<!DOCTYPE html PUBLIC "-//W3C//DTD XHTML 1.0 Transitional//EN"
    "http://www.w3.org/TR/xhtml1/DTD/xhtml1-transitional.dtd">
<html xmlns="http://www.w3.org/1999/xhtml" xml:lang="en" lang="en">
 <head>
  <title>
</title>
<meta http-equiv="Content-Type" content="text/html;charset=utf-8" />
  <meta name='ocr-system' content='tesseract 3.04.00' />
  <meta name='ocr-capabilities' content='ocr_page ocr_carea ocr_par ocr_line ocrx_word'/>
</head>
<body>
  <div class='ocr_page' id='page_1' title='image "./lannaeisenecaea01bipogoog_0228.png"; bbox 0 0 2809 4850; ppageno 0'>
   <div class='ocr_carea' id='block_1_1' title="bbox 680 367 2235 462">
    <p class='ocr_par' dir='ltr' id='par_1_1' title="bbox 680 367 2235 462">
     <span class='ocr_line' id='line_1_1' title="bbox 680 367 2235 462; baseline -0.004 -2"><span class='ocrx_word' id='word_1_1' title='bbox 680 385 820 462; x_wconf 84' lang='lat'>218</span> <span class='ocrx_word' id='word_1_2' title='bbox 1055 377 1635 458; x_wconf 83' lang='lat' dir='ltr'>1..ANNAE1</span> <span class='ocrx_word' id='word_1_3' title='bbox 1680 367 2235 454; x_wconf 72' lang='lat' dir='ltr'><strong>SENECAE</strong></span> 
     </span>
    </p>
   </div>
   <div class='ocr_carea' id='block_1_2' title="bbox 640 537 2603 2280">
    <p class='ocr_par' dir='ltr' id='par_1_2' title="bbox 640 537 2603 2280">
     <span class='ocr_line' id='line_1_2' title="bbox 675 537 2597 646; baseline -0.002 -26"><span class='ocrx_word' id='word_1_4' title='bbox 675 548 834 646; x_wconf 88' lang='lat' dir='ltr'>Ago</span> <span class='ocrx_word' id='word_1_5' title='bbox 875 545 1120 644; x_wconf 75' lang='lat' dir='ltr'>gratias</span> <span class='ocrx_word' id='word_1_6' title='bbox 1153 543 1507 620; x_wconf 76' lang='lat' dir='ltr'><strong>senectuti</strong></span> <span class='ocrx_word' id='word_1_7' title='bbox 1529 595 1553 631; x_wconf 90' lang='lat'>‚</span> <span class='ocrx_word' id='word_1_8' title='bbox 1600 541 1808 638; x_wconf 80' lang='lat' dir='ltr'>qnod</span> <span class='ocrx_word' id='word_1_9' title='bbox 1853 567 1975 614; x_wconf 88' lang='lat' dir='ltr'>me</span> <span class='ocrx_word' id='word_1_10' title='bbox 2015 543 2283 616; x_wconf 84' lang='lat' dir='ltr'>lectulo</span> <span class='ocrx_word' id='word_1_11' title='bbox 2310 537 2597 618; x_wconf 77' lang='lat' dir='ltr'>adfixit.</span> 
     </span>
     <span class='ocr_line' id='line_1_3' title="bbox 677 653 2591 762; baseline -0.001 -34"><span class='ocrx_word' id='word_1_12' title='bbox 677 655 958 762; x_wconf 79' lang='lat' dir='ltr'><strong>Quidni</strong></span> <span class='ocrx_word' id='word_1_13' title='bbox 983 655 1242 756; x_wconf 77' lang='lat' dir='ltr'>gratias</span> <span class='ocrx_word' id='word_1_14' title='bbox 1235 656 1358 728; x_wconf 83' lang='lat' dir='ltr'><strong>ini</strong></span> <span class='ocrx_word' id='word_1_15' title='bbox 1396 656 1539 727; x_wconf 87' lang='lat' dir='ltr'>hoc</span> <span class='ocrx_word' id='word_1_16' title='bbox 1576 654 1877 726; x_wconf 85' lang='lat' dir='ltr'>nornine</span> <span class='ocrx_word' id='word_1_17' title='bbox 1914 654 2166 752; x_wconf 77' lang='lat' dir='ltr'>agam?</span> <span class='ocrx_word' id='word_1_18' title='bbox 2218 653 2591 748; x_wconf 79' lang='lat' dir='ltr'><strong>quidquid</strong></span> 
     </span>
     <span class='ocr_line' id='line_1_4' title="bbox 675 763 2591 859; baseline -0.002 -21"><span class='ocrx_word' id='word_1_19' title='bbox 675 767 1034 838; x_wconf 80' lang='lat' dir='ltr'>debebam</span> <span class='ocrx_word' id='word_1_20' title='bbox 1075 767 1272 838; x_wconf 85' lang='lat' dir='ltr'>nolle</span> <span class='ocrx_word' id='word_1_21' title='bbox 1293 815 1318 852; x_wconf 86' lang='lat'><strong>,</strong></span> <span class='ocrx_word' id='word_1_22' title='bbox 1362 787 1519 836; x_wconf 86' lang='lat' dir='ltr'>non</span> <span class='ocrx_word' id='word_1_23' title='bbox 1546 787 1855 859; x_wconf 81' lang='lat' dir='ltr'>possum.</span> <span class='ocrx_word' id='word_1_24' title='bbox 1893 763 2085 834; x_wconf 84' lang='lat' dir='ltr'>Cum</span> <span class='ocrx_word' id='word_1_25' title='bbox 2124 763 2387 834; x_wconf 75' lang='lat' dir='ltr'><strong>libellis</strong></span> <span class='ocrx_word' id='word_1_26' title='bbox 2412 765 2591 836; x_wconf 89' lang='lat' dir='ltr'><strong>mihi</strong></span> 
     </span>
     <span class='ocr_line' id='line_1_5' title="bbox 672 861 2599 968; baseline -0.001 -24"><span class='ocrx_word' id='word_1_27' title='bbox 672 873 1024 968; x_wconf 83' lang='lat' dir='ltr'>plurimus</span> <span class='ocrx_word' id='word_1_28' title='bbox 1047 897 1280 946; x_wconf 86' lang='lat' dir='ltr'>sermo</span> <span class='ocrx_word' id='word_1_29' title='bbox 1305 889 1429 944; x_wconf 82' lang='lat' dir='ltr'>est.</span> <span class='ocrx_word' id='word_1_30' title='bbox 1474 861 1877 964; x_wconf 77' lang='lat' dir='ltr'>Siquando</span> <span class='ocrx_word' id='word_1_31' title='bbox 1908 871 2402 943; x_wconf 70' lang='lat' dir='ltr'>interveniunt</span> <span class='ocrx_word' id='word_1_32' title='bbox 2446 873 2599 966; x_wconf 89' lang='lat' dir='ltr'>epi·-</span> 
     </span>
     <span class='ocr_line' id='line_1_6' title="bbox 671 978 2593 1067; baseline -0.002 -12"><span class='ocrx_word' id='word_1_33' title='bbox 671 985 892 1055; x_wconf 82' lang='lat' dir='ltr'>stolae</span> <span class='ocrx_word' id='word_1_34' title='bbox 914 1000 1114 1067; x_wconf 81' lang='lat' dir='ltr'>tuae,</span> <span class='ocrx_word' id='word_1_35' title='bbox 1145 997 1388 1053; x_wconf 84' lang='lat' dir='ltr'>tecum</span> <span class='ocrx_word' id='word_1_36' title='bbox 1416 1004 1557 1050; x_wconf 82' lang='lat' dir='ltr'>esse</span> <span class='ocrx_word' id='word_1_37' title='bbox 1581 980 1759 1052; x_wconf 88' lang='lat' dir='ltr'><strong>mihi</strong></span> <span class='ocrx_word' id='word_1_38' title='bbox 1778 978 2059 1067; x_wconf 82' lang='lat' dir='ltr'>videor,</span> <span class='ocrx_word' id='word_1_39' title='bbox 2090 996 2165 1052; x_wconf 83' lang='lat' dir='ltr'>et</span> <span class='ocrx_word' id='word_1_40' title='bbox 2185 981 2283 1050; x_wconf 80' lang='lat' dir='ltr'><strong>sic</strong></span> <span class='ocrx_word' id='word_1_41' title='bbox 2296 979 2593 1054; x_wconf 79' lang='lat' dir='ltr'>adficior</span> 
     </span>
     <span class='ocr_line' id='line_1_7' title="bbox 671 1089 2597 1183; baseline -0.001 -23"><span class='ocrx_word' id='word_1_42' title='bbox 671 1089 917 1163; x_wconf 83' lang='lat' dir='ltr'>animo</span> <span class='ocrx_word' id='word_1_43' title='bbox 939 1141 962 1178; x_wconf 88' lang='lat'>‚</span> <span class='ocrx_word' id='word_1_44' title='bbox 991 1105 1361 1183; x_wconf 75' lang='lat' dir='ltr'>tamquam</span> <span class='ocrx_word' id='word_1_45' title='bbox 1379 1089 1515 1160; x_wconf 87' lang='lat' dir='ltr'>tibi</span> <span class='ocrx_word' id='word_1_46' title='bbox 1532 1112 1683 1160; x_wconf 89' lang='lat' dir='ltr'>non</span> <span class='ocrx_word' id='word_1_47' title='bbox 1710 1089 2124 1176; x_wconf 81' lang='lat' dir='ltr'>rescribam,</span> <span class='ocrx_word' id='word_1_48' title='bbox 2158 1089 2280 1161; x_wconf 82' lang='lat' dir='ltr'>sed</span> <span class='ocrx_word' id='word_1_49' title='bbox 2300 1100 2597 1183; x_wconf 83' lang='lat' dir='ltr'>respon·-</span> 
     </span>
     <span class='ocr_line' id='line_1_8' title="bbox 675 1197 2599 1292; baseline 0 -24"><span class='ocrx_word' id='word_1_50' title='bbox 675 1197 906 1270; x_wconf 85' lang='lat' dir='ltr'>deam.</span> <span class='ocrx_word' id='word_1_51' title='bbox 931 1199 1186 1292; x_wconf 84' lang='lat' dir='ltr'>Itaque</span> <span class='ocrx_word' id='word_1_52' title='bbox 1211 1215 1285 1270; x_wconf 89' lang='lat' dir='ltr'>et</span> <span class='ocrx_word' id='word_1_53' title='bbox 1309 1197 1406 1270; x_wconf 89' lang='lat' dir='ltr'>de</span> <span class='ocrx_word' id='word_1_54' title='bbox 1430 1199 1607 1284; x_wconf 85' lang='lat' dir='ltr'>hoc,</span> <span class='ocrx_word' id='word_1_55' title='bbox 1630 1197 1835 1292; x_wconf 85' lang='lat' dir='ltr'>quod</span> <span class='ocrx_word' id='word_1_56' title='bbox 1862 1201 2175 1290; x_wconf 82' lang='lat' dir='ltr'>qnaeris,</span> <span class='ocrx_word' id='word_1_57' title='bbox 2198 1197 2405 1291; x_wconf 85' lang='lat' dir='ltr'>quasi</span> <span class='ocrx_word' id='word_1_58' title='bbox 2417 1218 2599 1270; x_wconf 86' lang='lat' dir='ltr'>con-</span> 
     </span>
     <span class='ocr_line' id='line_1_9' title="bbox 672 1306 2351 1402; baseline 0.002 -23"><span class='ocrx_word' id='word_1_59' title='bbox 672 1307 930 1399; x_wconf 79' lang='lat' dir='ltr'>loquar</span> <span class='ocrx_word' id='word_1_60' title='bbox 955 1323 1200 1379; x_wconf 87' lang='lat' dir='ltr'>tecum</span> <span class='ocrx_word' id='word_1_61' title='bbox 1221 1358 1244 1396; x_wconf 90' lang='lat'><strong>,</strong></span> <span class='ocrx_word' id='word_1_62' title='bbox 1277 1307 1491 1402; x_wconf 85' lang='lat' dir='ltr'>quale</span> <span class='ocrx_word' id='word_1_63' title='bbox 1516 1306 1603 1378; x_wconf 84' lang='lat' dir='ltr'>sit</span> <span class='ocrx_word' id='word_1_64' title='bbox 1620 1359 1643 1395; x_wconf 89' lang='lat'>,</span> <span class='ocrx_word' id='word_1_65' title='bbox 1680 1329 1826 1378; x_wconf 86' lang='lat' dir='ltr'>una</span> <span class='ocrx_word' id='word_1_66' title='bbox 1854 1306 2351 1382; x_wconf 82' lang='lat' dir='ltr'>scrutabimur.</span> 
     </span>
     <span class='ocr_line' id='line_1_10' title="bbox 771 1413 2599 1522; baseline -0.002 -32"><span class='ocrx_word' id='word_1_67' title='bbox 771 1415 1108 1522; x_wconf 77' lang='lat' dir='ltr'>Quaeris,</span> <span class='ocrx_word' id='word_1_68' title='bbox 1139 1415 1244 1486; x_wconf 79' lang='lat' dir='ltr'>An</span> <span class='ocrx_word' id='word_1_69' title='bbox 1281 1440 1463 1486; x_wconf 80' lang='lat' dir='ltr'>omne</span> <span class='ocrx_word' id='word_1_70' title='bbox 1510 1415 1737 1486; x_wconf 83' lang='lat' dir='ltr'>bonum</span> <span class='ocrx_word' id='word_1_71' title='bbox 1772 1416 2047 1514; x_wconf 77' lang='lat' dir='ltr'>optabile</span> <span class='ocrx_word' id='word_1_72' title='bbox 2068 1420 2221 1495; x_wconf 62' lang='lat' dir='ltr'>rit?</span> <span class='ocrx_word' id='word_1_73' title='bbox 2272 1466 2325 1504; x_wconf 89' lang='lat'><strong>„</strong></span> <span class='ocrx_word' id='word_1_74' title='bbox 2346 1413 2425 1487; x_wconf 89' lang='lat' dir='ltr'><strong>Si</strong></span> <span class='ocrx_word' id='word_1_75' title='bbox 2462 1414 2599 1486; x_wconf 87' lang='lat' dir='ltr'>bo-</span> 
     </span>
     <span class='ocr_line' id='line_1_11' title="bbox 673 1523 2599 1622; baseline -0.001 -26"><span class='ocrx_word' id='word_1_76' title='bbox 673 1548 854 1596; x_wconf 87' lang='lat' dir='ltr'>num</span> <span class='ocrx_word' id='word_1_77' title='bbox 883 1543 987 1596; x_wconf 82' lang='lat' dir='ltr'>est</span> <span class='ocrx_word' id='word_1_78' title='bbox 1007 1569 1042 1614; x_wconf 85' lang='lat'>‚·</span> <span class='ocrx_word' id='word_1_79' title='bbox 1057 1524 1328 1618; x_wconf 85' lang='lat' dir='ltr'><strong>inquis,</strong></span> <span class='ocrx_word' id='word_1_80' title='bbox 1361 1523 1641 1597; x_wconf 86' lang='lat' dir='ltr'>fortiter</span> <span class='ocrx_word' id='word_1_81' title='bbox 1670 1524 2029 1618; x_wconf 78' lang='lat' dir='ltr'>torqueri,</span> <span class='ocrx_word' id='word_1_82' title='bbox 2065 1539 2139 1596; x_wconf 89' lang='lat' dir='ltr'>et</span> <span class='ocrx_word' id='word_1_83' title='bbox 2164 1547 2431 1622; x_wconf 80' lang='lat' dir='ltr'>magno</span> <span class='ocrx_word' id='word_1_84' title='bbox 2454 1523 2599 1594; x_wconf 81' lang='lat' dir='ltr'><strong>ani·</strong></span> 
     </span>
     <span class='ocr_line' id='line_1_12' title="bbox 673 1634 2598 1732; baseline -0.001 -24"><span class='ocrx_word' id='word_1_85' title='bbox 673 1661 800 1708; x_wconf 87' lang='lat' dir='ltr'>mo</span> <span class='ocrx_word' id='word_1_86' title='bbox 835 1634 944 1708; x_wconf 87' lang='lat' dir='ltr'>uri</span> <span class='ocrx_word' id='word_1_87' title='bbox 962 1685 990 1722; x_wconf 78' lang='grc'><em>,</em></span> <span class='ocrx_word' id='word_1_88' title='bbox 1035 1649 1110 1706; x_wconf 88' lang='lat' dir='ltr'>et</span> <span class='ocrx_word' id='word_1_89' title='bbox 1147 1636 1499 1730; x_wconf 79' lang='lat' dir='ltr'>patienter</span> <span class='ocrx_word' id='word_1_90' title='bbox 1542 1650 1940 1732; x_wconf 83' lang='lat' dir='ltr'>aegrotare,</span> <span class='ocrx_word' id='word_1_91' title='bbox 1990 1635 2315 1730; x_wconf 86' lang='lat' dir='ltr'>sequitur</span> <span class='ocrx_word' id='word_1_92' title='bbox 2346 1651 2436 1706; x_wconf 88' lang='lat' dir='ltr'>ut</span> <span class='ocrx_word' id='word_1_93' title='bbox 2472 1634 2598 1707; x_wconf 85' lang='lat' dir='ltr'>ista</span> 
     </span>
     <span class='ocr_line' id='line_1_13' title="bbox 673 1743 2599 1840; baseline -0.002 -22"><span class='ocrx_word' id='word_1_94' title='bbox 673 1745 1018 1840; x_wconf 57' lang='lat' dir='ltr'>optabilia</span> <span class='ocrx_word' id='word_1_95' title='bbox 1041 1746 1211 1820; x_wconf 80' lang='lat' dir='ltr'>sint:</span> <span class='ocrx_word' id='word_1_96' title='bbox 1255 1745 1442 1818; x_wconf 86' lang='lat' dir='ltr'><strong>nihil</strong></span> <span class='ocrx_word' id='word_1_97' title='bbox 1464 1761 1709 1834; x_wconf 71' lang='lat' dir='ltr'>autem</span> <span class='ocrx_word' id='word_1_98' title='bbox 1732 1743 1951 1816; x_wconf 81' lang='lat' dir='ltr'>video</span> <span class='ocrx_word' id='word_1_99' title='bbox 1988 1769 2081 1817; x_wconf 82' lang='lat' dir='ltr'>ex</span> <span class='ocrx_word' id='word_1_100' title='bbox 2110 1747 2251 1816; x_wconf 81' lang='lat' dir='ltr'>istis</span> <span class='ocrx_word' id='word_1_101' title='bbox 2278 1761 2461 1818; x_wconf 85' lang='lat' dir='ltr'>voto</span> <span class='ocrx_word' id='word_1_102' title='bbox 2486 1743 2599 1815; x_wconf 87' lang='lat' dir='ltr'><strong>di·-</strong></span> 
     </span>
     <span class='ocr_line' id='line_1_14' title="bbox 671 1853 2601 1953; baseline 0.001 -29"><span class='ocrx_word' id='word_1_103' title='bbox 671 1878 922 1953; x_wconf 86' lang='lat' dir='ltr'>gnum.</span> <span class='ocrx_word' id='word_1_104' title='bbox 971 1854 1361 1926; x_wconf 83' lang='lat' dir='ltr'>Neminem</span> <span class='ocrx_word' id='word_1_105' title='bbox 1383 1871 1573 1925; x_wconf 87' lang='lat' dir='ltr'>certe</span> <span class='ocrx_word' id='word_1_106' title='bbox 1592 1853 1832 1928; x_wconf 86' lang='lat' dir='ltr'>adhuc</span> <span class='ocrx_word' id='word_1_107' title='bbox 1858 1854 2002 1926; x_wconf 79' lang='lat' dir='ltr'>scio</span> <span class='ocrx_word' id='word_1_108' title='bbox 2034 1879 2121 1926; x_wconf 91' lang='lat' dir='ltr'>eo</span> <span class='ocrx_word' id='word_1_109' title='bbox 2144 1855 2453 1926; x_wconf 85' lang='lat' dir='ltr'>nomine</span> <span class='ocrx_word' id='word_1_110' title='bbox 2472 1879 2601 1927; x_wconf 83' lang='lat' dir='ltr'>vo-</span> 
     </span>
     <span class='ocr_line' id='line_1_15' title="bbox 640 1961 2603 2060; baseline -0.001 -24"><span class='ocrx_word' id='word_1_111' title='bbox 640 1980 838 2036; x_wconf 85' lang='lat' dir='ltr'>·turn</span> <span class='ocrx_word' id='word_1_112' title='bbox 884 1963 1203 2051; x_wconf 80' lang='lat' dir='ltr'>solvisse,</span> <span class='ocrx_word' id='word_1_113' title='bbox 1239 1961 1451 2057; x_wconf 89' lang='lat' dir='ltr'>quod</span> <span class='ocrx_word' id='word_1_114' title='bbox 1477 1961 1765 2060; x_wconf 82' lang='lat' dir='ltr'>flagellis</span> <span class='ocrx_word' id='word_1_115' title='bbox 1798 1987 2033 2034; x_wconf 82' lang='lat' dir='ltr'>caesus</span> <span class='ocrx_word' id='word_1_116' title='bbox 2068 1969 2275 2050; x_wconf 82' lang='lat' dir='ltr'>esset,</span> <span class='ocrx_word' id='word_1_117' title='bbox 2316 1979 2449 2034; x_wconf 87' lang='lat' dir='ltr'>aut</span> <span class='ocrx_word' id='word_1_118' title='bbox 2470 1985 2603 2056; x_wconf 87' lang='lat' dir='ltr'>po·</span> 
     </span>
     <span class='ocr_line' id='line_1_16' title="bbox 675 2068 2587 2167; baseline -0.001 -27"><span class='ocrx_word' id='word_1_119' title='bbox 675 2070 880 2166; x_wconf 82' lang='lat' dir='ltr'>dagra</span> <span class='ocrx_word' id='word_1_120' title='bbox 924 2069 1298 2158; x_wconf 81' lang='lat' dir='ltr'>distortus,</span> <span class='ocrx_word' id='word_1_121' title='bbox 1338 2085 1465 2141; x_wconf 87' lang='lat' dir='ltr'>aut</span> <span class='ocrx_word' id='word_1_122' title='bbox 1495 2070 1815 2162; x_wconf 89' lang='lat' dir='ltr'>equuleo</span> <span class='ocrx_word' id='word_1_123' title='bbox 1848 2069 2135 2167; x_wconf 85' lang='lat' dir='ltr'>longior</span> <span class='ocrx_word' id='word_1_124' title='bbox 2149 2068 2412 2141; x_wconf 61' lang='lat' dir='ltr'>‘factum</span> <span class='ocrx_word' id='word_1_125' title='bbox 2432 2077 2485 2116; x_wconf 77' lang='lat'>‘⁶</span> <span class='ocrx_word' id='word_1_126' title='bbox 2512 2107 2587 2124; x_wconf 89' lang='lat'>-</span> 
     </span>
     <span class='ocr_line' id='line_1_17' title="bbox 673 2179 2598 2280; baseline 0 -28"><span class='ocrx_word' id='word_1_127' title='bbox 673 2179 1090 2278; x_wconf 82' lang='lat' dir='ltr'>Distingne,</span> <span class='ocrx_word' id='word_1_128' title='bbox 1135 2182 1240 2252; x_wconf 88' lang='lat' dir='ltr'>mi</span> <span class='ocrx_word' id='word_1_129' title='bbox 1283 2181 1556 2269; x_wconf 89' lang='lat' dir='ltr'><strong>Lucili,</strong></span> <span class='ocrx_word' id='word_1_130' title='bbox 1595 2181 1723 2251; x_wconf 85' lang='lat' dir='ltr'>ista</span> <span class='ocrx_word' id='word_1_131' title='bbox 1738 2206 1785 2266; x_wconf 70' lang='grc' dir='ltr'>ς’</span> <span class='ocrx_word' id='word_1_132' title='bbox 1809 2195 1895 2252; x_wconf 76' lang='lat' dir='ltr'>et·</span> <span class='ocrx_word' id='word_1_133' title='bbox 1910 2181 2299 2280; x_wconf 85' lang='lat' dir='ltr'>intelliges,</span> <span class='ocrx_word' id='word_1_134' title='bbox 2338 2203 2485 2253; x_wconf 79' lang='lat' dir='ltr'>esse</span> <span class='ocrx_word' id='word_1_135' title='bbox 2516 2182 2598 2252; x_wconf 88' lang='lat' dir='ltr'><strong>in</strong></span> 
     </span>
    </p>
   </div>
   <div class='ocr_carea' id='block_1_3' title="bbox 545 2289 2603 2384">
    <p class='ocr_par' dir='ltr' id='par_1_3' title="bbox 545 2289 2603 2384">
     <span class='ocr_line' id='line_1_18' title="bbox 545 2289 2603 2384; baseline 0.002 -28"><span class='ocrx_word' id='word_1_136' title='bbox 545 2348 552 2356; x_wconf 92' lang='grc'><em>,</em></span> <span class='ocrx_word' id='word_1_137' title='bbox 672 2289 778 2362; x_wconf 79' lang='lat' dir='ltr'>his</span> <span class='ocrx_word' id='word_1_138' title='bbox 800 2289 1078 2382; x_wconf 86' lang='lat' dir='ltr'><strong>aliquid</strong></span> <span class='ocrx_word' id='word_1_139' title='bbox 1107 2291 1538 2384; x_wconf 88' lang='lat' dir='ltr'>optandum.</span> <span class='ocrx_word' id='word_1_140' title='bbox 1572 2290 1966 2362; x_wconf 84' lang='lat' dir='ltr'>Tormenta</span> <span class='ocrx_word' id='word_1_141' title='bbox 1990 2290 2227 2362; x_wconf 81' lang='lat' dir='ltr'>abesse</span> <span class='ocrx_word' id='word_1_142' title='bbox 2252 2316 2295 2360; x_wconf 92' lang='lat' dir='ltr'>a</span> <span class='ocrx_word' id='word_1_143' title='bbox 2322 2313 2443 2362; x_wconf 84' lang='lat' dir='ltr'>me</span> <span class='ocrx_word' id='word_1_144' title='bbox 2474 2309 2603 2360; x_wconf 75' lang='lat' dir='ltr'>ve-</span> 
     </span>
    </p>
   </div>
   <div class='ocr_carea' id='block_1_4' title="bbox 672 2397 2602 2500">
    <p class='ocr_par' dir='ltr' id='par_1_4' title="bbox 672 2397 2602 2500">
     <span class='ocr_line' id='line_1_19' title="bbox 672 2397 2602 2500; baseline -0.001 -27"><span class='ocrx_word' id='word_1_145' title='bbox 672 2397 844 2489; x_wconf 77' lang='lat' dir='ltr'><strong>lirn3</strong></span> <span class='ocrx_word' id='word_1_146' title='bbox 886 2397 1014 2470; x_wconf 86' lang='lat' dir='ltr'>sed</span> <span class='ocrx_word' id='word_1_147' title='bbox 1033 2450 1061 2489; x_wconf 86' lang='lat'><strong>,</strong></span> <span class='ocrx_word' id='word_1_148' title='bbox 1083 2398 1140 2500; x_wconf 79' lang='lat' dir='ltr'>si</span> <span class='ocrx_word' id='word_1_149' title='bbox 1163 2398 1579 2473; x_wconf 82' lang='lat' dir='ltr'>sustinenda</span> <span class='ocrx_word' id='word_1_150' title='bbox 1602 2398 1873 2471; x_wconf 84' lang='lat' dir='ltr'>fuerint</span> <span class='ocrx_word' id='word_1_151' title='bbox 1890 2450 1915 2489; x_wconf 88' lang='lat'>,</span> <span class='ocrx_word' id='word_1_152' title='bbox 1941 2415 2027 2471; x_wconf 90' lang='lat' dir='ltr'>ut</span> <span class='ocrx_word' id='word_1_153' title='bbox 2045 2422 2165 2473; x_wconf 86' lang='lat' dir='ltr'>me</span> <span class='ocrx_word' id='word_1_154' title='bbox 2192 2399 2269 2471; x_wconf 90' lang='lat' dir='ltr'><strong>in</strong></span> <span class='ocrx_word' id='word_1_155' title='bbox 2288 2397 2425 2471; x_wconf 89' lang='lat' dir='ltr'><strong>illis</strong></span> <span class='ocrx_word' id='word_1_156' title='bbox 2448 2397 2602 2487; x_wconf 72' lang='lat' dir='ltr'>for-</span> 
     </span>
    </p>
   </div>
   <div class='ocr_carea' id='block_1_5' title="bbox 557 2508 2601 2614">
    <p class='ocr_par' dir='ltr' id='par_1_5' title="bbox 557 2508 2601 2614">
     <span class='ocr_line' id='line_1_20' title="bbox 557 2508 2601 2614; baseline -0 -34"><span class='ocrx_word' id='word_1_157' title='bbox 557 2540 570 2549; x_wconf 62' lang='lat'><strong><em>‘</em></strong></span> <span class='ocrx_word' id='word_1_158' title='bbox 672 2512 876 2597; x_wconf 84' lang='lat' dir='ltr'>titer,</span> <span class='ocrx_word' id='word_1_159' title='bbox 921 2512 1219 2583; x_wconf 78' lang='lat' dir='ltr'>honeste</span> <span class='ocrx_word' id='word_1_160' title='bbox 1238 2560 1265 2599; x_wconf 82' lang='lat'><strong>,</strong></span> <span class='ocrx_word' id='word_1_161' title='bbox 1302 2511 1622 2597; x_wconf 77' lang='lat' dir='ltr'>animose</span> <span class='ocrx_word' id='word_1_162' title='bbox 1644 2532 1879 2607; x_wconf 82' lang='lat' dir='ltr'>geram</span> <span class='ocrx_word' id='word_1_163' title='bbox 1896 2558 1921 2598; x_wconf 88' lang='lat'><strong>,</strong></span> <span class='ocrx_word' id='word_1_164' title='bbox 1968 2509 2265 2605; x_wconf 82' lang='lat' dir='ltr'>optabo.</span> <span class='ocrx_word' id='word_1_165' title='bbox 2304 2508 2601 2614; x_wconf 78' lang='lat' dir='ltr'><strong>Quidni</strong></span> 
     </span>
    </p>
   </div>
   <div class='ocr_carea' id='block_1_6' title="bbox 670 2616 2603 3369">
    <p class='ocr_par' dir='ltr' id='par_1_6' title="bbox 670 2616 2603 3369">
     <span class='ocr_line' id='line_1_21' title="bbox 672 2616 2603 2713; baseline 0.001 -26"><span class='ocrx_word' id='word_1_166' title='bbox 672 2640 809 2713; x_wconf 88' lang='lat' dir='ltr'>ego</span> <span class='ocrx_word' id='word_1_167' title='bbox 839 2618 1082 2689; x_wconf 87' lang='lat' dir='ltr'>malim</span> <span class='ocrx_word' id='word_1_168' title='bbox 1121 2640 1278 2689; x_wconf 90' lang='lat' dir='ltr'>non</span> <span class='ocrx_word' id='word_1_169' title='bbox 1299 2617 1619 2691; x_wconf 71' lang='lat' dir='ltr'>inciden-</span> <span class='ocrx_word' id='word_1_170' title='bbox 1650 2617 1972 2691; x_wconf 77' lang='lat' dir='ltr'>bellum?</span> <span class='ocrx_word' id='word_1_171' title='bbox 2017 2618 2145 2691; x_wconf 78' lang='lat' dir='ltr'>sed</span> <span class='ocrx_word' id='word_1_172' title='bbox 2168 2668 2193 2709; x_wconf 85' lang='lat'>,</span> <span class='ocrx_word' id='word_1_173' title='bbox 2239 2619 2298 2690; x_wconf 83' lang='lat' dir='ltr'>si</span> <span class='ocrx_word' id='word_1_174' title='bbox 2326 2616 2603 2689; x_wconf 84' lang='lat' dir='ltr'><strong>incide-</strong></span> 
     </span>
     <span class='ocr_line' id='line_1_22' title="bbox 671 2724 2601 2821; baseline 0.001 -24"><span class='ocrx_word' id='word_1_175' title='bbox 671 2725 764 2797; x_wconf 87' lang='lat' dir='ltr'>rit</span> <span class='ocrx_word' id='word_1_176' title='bbox 786 2775 809 2812; x_wconf 90' lang='lat'><strong>,</strong></span> <span class='ocrx_word' id='word_1_177' title='bbox 837 2742 922 2797; x_wconf 88' lang='lat' dir='ltr'>ut</span> <span class='ocrx_word' id='word_1_178' title='bbox 945 2726 1279 2814; x_wconf 84' lang='lat' dir='ltr'>vulnera,</span> <span class='ocrx_word' id='word_1_179' title='bbox 1329 2742 1414 2799; x_wconf 84' lang='lat' dir='ltr'>ut</span> <span class='ocrx_word' id='word_1_180' title='bbox 1443 2724 1706 2797; x_wconf 81' lang='lat' dir='ltr'>famem</span> <span class='ocrx_word' id='word_1_181' title='bbox 1729 2774 1754 2814; x_wconf 88' lang='lat'><strong>,</strong></span> <span class='ocrx_word' id='word_1_182' title='bbox 1800 2746 1873 2797; x_wconf 90' lang='lat' dir='ltr'>et</span> <span class='ocrx_word' id='word_1_183' title='bbox 1894 2727 2174 2814; x_wconf 86' lang='lat' dir='ltr'>omnia,</span> <span class='ocrx_word' id='word_1_184' title='bbox 2227 2752 2415 2821; x_wconf 83' lang='lat' dir='ltr'>quae</span> <span class='ocrx_word' id='word_1_185' title='bbox 2442 2726 2601 2799; x_wconf 84' lang='lat' dir='ltr'>bel-</span> 
     </span>
     <span class='ocr_line' id='line_1_23' title="bbox 670 2828 2593 2931; baseline 0.004 -31"><span class='ocrx_word' id='word_1_186' title='bbox 670 2833 912 2906; x_wconf 89' lang='lat' dir='ltr'>lorum</span> <span class='ocrx_word' id='word_1_187' title='bbox 933 2828 1296 2906; x_wconf 76' lang='lat' dir='ltr'>necessitas</span> <span class='ocrx_word' id='word_1_188' title='bbox 1319 2832 1551 2905; x_wconf 82' lang='lat' dir='ltr'>adfert</span> <span class='ocrx_word' id='word_1_189' title='bbox 1575 2882 1598 2921; x_wconf 88' lang='lat'>,</span> <span class='ocrx_word' id='word_1_190' title='bbox 1634 2856 1973 2931; x_wconf 76' lang='lat' dir='ltr'>generose</span> <span class='ocrx_word' id='word_1_191' title='bbox 2004 2833 2225 2907; x_wconf 81' lang='lat' dir='ltr'>feram</span> <span class='ocrx_word' id='word_1_192' title='bbox 2242 2835 2593 2931; x_wconf 76' lang='lat' dir='ltr'>‚optabo-</span> 
     </span>
     <span class='ocr_line' id='line_1_24' title="bbox 672 2941 2599 3043; baseline 0.001 -28"><span class='ocrx_word' id='word_1_193' title='bbox 672 2942 844 3015; x_wconf 90' lang='lat' dir='ltr'>Non</span> <span class='ocrx_word' id='word_1_194' title='bbox 865 2956 1034 3015; x_wconf 68' lang='lat' dir='ltr'>sun?</span> <span class='ocrx_word' id='word_1_195' title='bbox 1051 2959 1204 3015; x_wconf 84' lang='lat' dir='ltr'>tam</span> <span class='ocrx_word' id='word_1_196' title='bbox 1221 2941 1517 3018; x_wconf 87' lang='lat' dir='ltr'>demens</span> <span class='ocrx_word' id='word_1_197' title='bbox 1535 2994 1558 3032; x_wconf 90' lang='lat'>,</span> <span class='ocrx_word' id='word_1_198' title='bbox 1580 2959 1663 3014; x_wconf 90' lang='lat' dir='ltr'>ut</span> <span class='ocrx_word' id='word_1_199' title='bbox 1681 2961 2039 3043; x_wconf 80' lang='lat' dir='ltr'>aegrotare</span> <span class='ocrx_word' id='word_1_200' title='bbox 2064 2944 2351 3039; x_wconf 84' lang='lat' dir='ltr'>cupiam</span> <span class='ocrx_word' id='word_1_201' title='bbox 2370 2976 2397 3030; x_wconf 94' lang='lat'>·,</span> <span class='ocrx_word' id='word_1_202' title='bbox 2432 2943 2599 3033; x_wconf 79' lang='lat' dir='ltr'>sed,</span> 
     </span>
     <span class='ocr_line' id='line_1_25' title="bbox 671 3048 2595 3153; baseline 0.006 -34"><span class='ocrx_word' id='word_1_203' title='bbox 671 3048 728 3121; x_wconf 81' lang='lat' dir='ltr'>si</span> <span class='ocrx_word' id='word_1_204' title='bbox 759 3049 1281 3147; x_wconf 81' lang='lat' dir='ltr'>aegrotandum</span> <span class='ocrx_word' id='word_1_205' title='bbox 1320 3050 1536 3125; x_wconf 89' lang='lat' dir='ltr'>fuerit</span> <span class='ocrx_word' id='word_1_206' title='bbox 1565 3102 1590 3142; x_wconf 87' lang='lat'><strong>,</strong></span> <span class='ocrx_word' id='word_1_207' title='bbox 1636 3072 1722 3129; x_wconf 89' lang='lat' dir='ltr'>ut</span> <span class='ocrx_word' id='word_1_208' title='bbox 1762 3056 1945 3130; x_wconf 84' lang='lat' dir='ltr'><strong>nihil</strong></span> <span class='ocrx_word' id='word_1_209' title='bbox 1993 3058 2595 3153; x_wconf 72' lang='lat' dir='ltr'>intemperanter,</span> 
     </span>
     <span class='ocr_line' id='line_1_26' title="bbox 671 3157 2601 3257; baseline 0.007 -30"><span class='ocrx_word' id='word_1_210' title='bbox 671 3158 852 3228; x_wconf 88' lang='lat' dir='ltr'><strong>nihil</strong></span> <span class='ocrx_word' id='word_1_211' title='bbox 879 3157 1280 3233; x_wconf 85' lang='lat' dir='ltr'>effeminate</span> <span class='ocrx_word' id='word_1_212' title='bbox 1319 3160 1611 3252; x_wconf 82' lang='lat' dir='ltr'>faciam,</span> <span class='ocrx_word' id='word_1_213' title='bbox 1655 3164 1945 3257; x_wconf 86' lang='lat' dir='ltr'>optabo.</span> <span class='ocrx_word' id='word_1_214' title='bbox 1986 3168 2103 3239; x_wconf 83' lang='lat' dir='ltr'>Ita·</span> <span class='ocrx_word' id='word_1_215' title='bbox 2120 3190 2274 3239; x_wconf 88' lang='lat' dir='ltr'>non</span> <span class='ocrx_word' id='word_1_216' title='bbox 2310 3169 2601 3241; x_wconf 80' lang='lat' dir='ltr'>incom-</span> 
     </span>
     <span class='ocr_line' id='line_1_27' title="bbox 670 3265 2595 3369; baseline 0.006 -34"><span class='ocrx_word' id='word_1_217' title='bbox 670 3265 890 3337; x_wconf 86' lang='lat' dir='ltr'>rnoda</span> <span class='ocrx_word' id='word_1_218' title='bbox 917 3269 1256 3360; x_wconf 87' lang='lat' dir='ltr'>optabilia</span> <span class='ocrx_word' id='word_1_219' title='bbox 1295 3287 1507 3358; x_wconf 84' lang='lat' dir='ltr'>sunt,</span> <span class='ocrx_word' id='word_1_220' title='bbox 1552 3271 1679 3343; x_wconf 80' lang='lat' dir='ltr'>sed</span> <span class='ocrx_word' id='word_1_221' title='bbox 1705 3272 1991 3361; x_wconf 85' lang='lat' dir='ltr'>Virtus,</span> <span class='ocrx_word' id='word_1_222' title='bbox 2040 3300 2184 3368; x_wconf 81' lang='lat' dir='ltr'>qua</span> <span class='ocrx_word' id='word_1_223' title='bbox 2226 3275 2595 3369; x_wconf 86' lang='lat' dir='ltr'>perferun-</span> 
     </span>
    </p>
   </div>
   <div class='ocr_carea' id='block_1_7' title="bbox 555 3376 2597 3482">
    <p class='ocr_par' dir='ltr' id='par_1_7' title="bbox 555 3376 2597 3482">
     <span class='ocr_line' id='line_1_28' title="bbox 555 3376 2597 3482; baseline 0.007 -38"><span class='ocrx_word' id='word_1_224' title='bbox 555 3388 560 3393; x_wconf 79' lang='grc'><strong>’</strong></span> <span class='ocrx_word' id='word_1_225' title='bbox 669 3394 792 3445; x_wconf 89' lang='lat' dir='ltr'>tur</span> <span class='ocrx_word' id='word_1_226' title='bbox 819 3376 1307 3451; x_wconf 86' lang='lat' dir='ltr'>incommoda.</span> <span class='ocrx_word' id='word_1_227' title='bbox 1347 3378 1671 3482; x_wconf 75' lang='lat' dir='ltr'>Quidam</span> <span class='ocrx_word' id='word_1_228' title='bbox 1704 3406 1809 3459; x_wconf 78' lang='lat' dir='ltr'>ex</span> <span class='ocrx_word' id='word_1_229' title='bbox 1842 3385 2097 3456; x_wconf 82' lang='lat' dir='ltr'>nostris</span> <span class='ocrx_word' id='word_1_230' title='bbox 2138 3386 2597 3473; x_wconf 82' lang='lat' dir='ltr'>existimant,</span> 
     </span>
    </p>
   </div>
   <div class='ocr_carea' id='block_1_8' title="bbox 667 3484 2593 3601">
    <p class='ocr_par' dir='ltr' id='par_1_8' title="bbox 667 3484 2593 3601">
     <span class='ocr_line' id='line_1_29' title="bbox 667 3484 2593 3601; baseline 0.006 -44"><span class='ocrx_word' id='word_1_231' title='bbox 667 3502 1201 3558; x_wconf 83' lang='lat' dir='ltr'>tormentorum</span> <span class='ocrx_word' id='word_1_232' title='bbox 1243 3484 1507 3562; x_wconf 87' lang='lat' dir='ltr'>fortem</span> <span class='ocrx_word' id='word_1_233' title='bbox 1533 3491 1981 3569; x_wconf 79' lang='lat' dir='ltr'>tolerantiam</span> <span class='ocrx_word' id='word_1_234' title='bbox 2026 3518 2181 3569; x_wconf 88' lang='lat' dir='ltr'>non</span> <span class='ocrx_word' id='word_1_235' title='bbox 2210 3518 2357 3570; x_wconf 83' lang='lat' dir='ltr'>esse</span> <span class='ocrx_word' id='word_1_236' title='bbox 2382 3512 2593 3601; x_wconf 80' lang='lat' dir='ltr'>opta·-</span> 
     </span>
    </p>
   </div>
   <div class='ocr_carea' id='block_1_9' title="bbox 547 3593 2595 3699">
    <p class='ocr_par' dir='ltr' id='par_1_9' title="bbox 547 3593 2595 3699">
     <span class='ocr_line' id='line_1_30' title="bbox 547 3593 2595 3699; baseline 0.007 -36"><span class='ocrx_word' id='word_1_237' title='bbox 547 3642 558 3649; x_wconf 87' lang='lat'>-</span> <span class='ocrx_word' id='word_1_238' title='bbox 665 3593 942 3685; x_wconf 88' lang='lat' dir='ltr'>bilem,</span> <span class='ocrx_word' id='word_1_239' title='bbox 965 3595 1092 3669; x_wconf 82' lang='lat' dir='ltr'>sed</span> <span class='ocrx_word' id='word_1_240' title='bbox 1117 3619 1212 3673; x_wconf 82' lang='lat' dir='ltr'>ne</span> <span class='ocrx_word' id='word_1_241' title='bbox 1235 3596 1798 3673; x_wconf 83' lang='lat' dir='ltr'>abominandam</span> <span class='ocrx_word' id='word_1_242' title='bbox 1834 3603 2175 3696; x_wconf 84' lang='lat' dir='ltr'>quidem;</span> <span class='ocrx_word' id='word_1_243' title='bbox 2214 3607 2389 3699; x_wconf 88' lang='lat' dir='ltr'>quia</span> <span class='ocrx_word' id='word_1_244' title='bbox 2412 3620 2595 3679; x_wconf 84' lang='lat' dir='ltr'>voto</span> 
     </span>
    </p>
   </div>
   <div class='ocr_carea' id='block_1_10' title="bbox 623 3703 2593 3927">
    <p class='ocr_par' dir='ltr' id='par_1_10' title="bbox 623 3703 2593 3927">
     <span class='ocr_line' id='line_1_31' title="bbox 623 3703 2593 3805; baseline 0.008 -33.391"><span class='ocrx_word' id='word_1_245' title='bbox 623 3726 938 3795; x_wconf 83' lang='lat' dir='ltr'>purum</span> <span class='ocrx_word' id='word_1_246' title='bbox 961 3703 1240 3785; x_wconf 85' lang='lat' dir='ltr'>bonurn</span> <span class='ocrx_word' id='word_1_247' title='bbox 1268 3706 1423 3800; x_wconf 85' lang='lat' dir='ltr'>peti</span> <span class='ocrx_word' id='word_1_248' title='bbox 1448 3707 1703 3795; x_wconf 71' lang='lat' dir='ltr'>dohet,</span> <span class='ocrx_word' id='word_1_249' title='bbox 1732 3727 1807 3783; x_wconf 86' lang='lat' dir='ltr'>et</span> <span class='ocrx_word' id='word_1_250' title='bbox 1826 3714 2295 3805; x_wconf 68' lang='lat' dir='ltr'>tranquillam</span> <span class='ocrx_word' id='word_1_251' title='bbox 2312 3764 2337 3801; x_wconf 86' lang='lat'>,</span> <span class='ocrx_word' id='word_1_252' title='bbox 2374 3728 2451 3787; x_wconf 89' lang='lat' dir='ltr'>et</span> <span class='ocrx_word' id='word_1_253' title='bbox 2470 3736 2593 3787; x_wconf 79' lang='lat' dir='ltr'>ex·</span> 
     </span>
     <span class='ocr_line' id='line_1_32' title="bbox 671 3810 2593 3927; baseline 0.009 -48"><span class='ocrx_word' id='word_1_254' title='bbox 671 3826 778 3903; x_wconf 75' lang='lat' dir='ltr'>tra</span> <span class='ocrx_word' id='word_1_255' title='bbox 801 3810 1716 3917; x_wconf 69' lang='lat' dir='ltr'>molestiampositumAEgo</span> <span class='ocrx_word' id='word_1_256' title='bbox 1746 3817 2105 3896; x_wconf 77' lang='lat' dir='ltr'>dissentio.</span> <span class='ocrx_word' id='word_1_257' title='bbox 2130 3820 2422 3927; x_wconf 72' lang='lat' dir='ltr'>Quare?</span> <span class='ocrx_word' id='word_1_258' title='bbox 2448 3820 2593 3918; x_wconf 78' lang='lat' dir='ltr'>pri-</span> 
     </span>
    </p>
   </div>
  </div>
 </body>
</html>
