2809 4850
712 413 861 496 354
1097 363 1669 482 L‘ANNAEI
1713 385 2246 464 SENECAE

708 575 823 641 re,
860 567 1103 626 utrum
1126 550 1317 624 inter
1336 551 1611 623 Italiam
1635 567 1709 624 et
1739 548 2092 624 Siciliam
2075 567 2370 625 iactatus
2389 551 2486 625 sit
2501 601 2530 641 ‚
2557 577 2651 626 an

708 679 905 736 extra
928 677 1188 734 notum
1226 659 1440 768 nobis
1459 661 1752 734 orbem.
1787 683 2034 753 neque
2061 661 2256 736 enim
2285 663 2552 755 potuit
2578 664 2653 736 in

706 791 855 846 tam
900 785 1203 895 angusto
1242 793 1434 840 error
1459 793 1602 840 esse
1627 784 1791 840 tam
1815 763 2092 866 longus.
2137 770 2656 864 Tempestates

701 905 837 958 nos
858 881 1080 952 animi
1107 879 1436 974 quotidie
1469 883 1779 967 iactant,
1821 895 1894 950 et
1928 881 2256 971 nequitia
2281 883 2364 954 in
2391 886 2644 954 omnia

707 987 971 1084 Ulyssis
996 989 1185 1058 mala
1210 989 1516 1086 inpellit.
1549 987 1722 1060 Non
1748 987 1946 1060 deest
1970 989 2199 1062 forma
2221 1042 2245 1076 ,
2277 1015 2472 1083 quae
2500 995 2650 1062 sol·

700 1099 929 1172 licitet
952 1099 1199 1171 oculos
1214 1147 1242 1190 ‚
1286 1121 1440 1168 non
1465 1096 1721 1168 hostis·
1701 1147 1721 1184 ,
1775 1096 1943 1168 hinc
1967 1115 2282 1170 monstra
2313 1099 2538 1170 effera
2573 1117 2646 1172 et

704 1210 1029 1282 humano
1058 1229 1309 1280 cruore
1333 1206 1762 1302 gaudentia3
1801 1206 1967 1277 hinc
1990 1207 2314 1280 insidiosa
2340 1209 2646 1280 blandi·

700 1332 947 1390 menta
970 1314 1293 1401 aurium3
1334 1316 1503 1386 hinc
1549 1314 1964 1413 naufragia,
2004 1332 2078 1387 et
2108 1332 2241 1387 tot
2259 1317 2642 1400 varietates

696 1429 1078 1501 malorum.
1098 1424 1261 1496 Hoc
1274 1447 1395 1494 me
1415 1422 1622 1510 doce,
1641 1423 2022 1516 quomodo
2041 1425 2343 1518 patriam
2360 1450 2636 1515 amem,

696 1534 1083 1632 quomodo
1113 1555 1456 1620 uxorem,
1489 1532 1870 1626 quomodo
1895 1551 2209 1628 patrem,
2243 1537 2636 1627 quomodo

694 1645 790 1718 ad
814 1647 987 1720 haec
1002 1660 1148 1716 tam
1172 1643 1473 1714 honesta
1490 1645 1606 1715 vel
1627 1641 2004 1740 naui-‘tagus
2019 1645 2380 1744 navigem!
2409 1645 2634 1750 Quid

694 1755 1035 1850 inquiris,
1064 1779 1155 1826 an
1184 1755 1550 1848 Penelope
1583 1755 1928 1848 inpudica
1973 1754 2226 1842 fuerit,
2271 1781 2365 1828 an
2405 1759 2632 1830 verba

694 1868 939 1940 seculo
958 1890 1095 1936 suo
1118 1862 1445 1934 dederit?
1469 1887 1558 1934 an
1613 1863 1934 1960 Ulyssem
1969 1864 2174 1936 illum
2197 1881 2372 1953 es‘se,
2397 1891 2632 1960 quem

692 1974 993 2052 videbat
1018 2023 1043 2062 ‚
1091 1989 1481 2065 autequam
1527 1971 1731 2044 sciret
1751 2021 1776 2059 ,
1823 1971 2168 2066 suspicata
2215 1971 2302 2042 sit
2329 1974 2365 2043 ἓ
2413 1972 2636 2046 Doce

691 2111 816 2160 me
832 2137 853 2173 ,
875 2083 1064 2178 quid
1078 2083 1165 2154 sit
1190 2081 1583 2176 pudicitia,
1609 2098 1682 2154 et
1707 2097 2065 2175 quantum
2091 2082 2166 2154 in
2193 2081 2630 2174 eabonum3

692 2196 773 2270 in
794 2217 1096 2294 corpote
1114 2245 1139 2281 ,
1162 2217 1255 2264 an
1278 2191 1356 2263 in
1380 2193 1624 2264 animo
1647 2191 1876 2286 posita
1911 2191 2039 2262 sit.
2023 2193 2040 2240 ⁸

788 2303 910 2375 Ad
935 2305 1255 2376 Musicam
1282 2319 1580 2374 transeo.
1632 2299 1868 2374 noces
1899 2325 2063 2387 me,
2101 2299 2535 2394 quomodo
2513 2327 2632 2374 m-

618 2488 623 2491 .
690 2432 803 2490 ter
827 2438 900 2487 se
923 2428 1173 2487 acutae
1192 2436 1273 2485 ac
1298 2430 1546 2509 graves
1575 2434 1785 2483 voces
1815 2416 2235 2487 consonent·
2229 2462 2254 2498 ‚
2285 2435 2630 2505 quomo-

692 2524 798 2595 do
832 2543 1217 2594 nervorum
1262 2520 1612 2611 disparem
1667 2519 2132 2591 reddentium
2177 2543 2440 2591 sonum
2498 2521 2630 2593 fiat

690 2628 1109 2705 concotdiaz
1160 2628 1271 2701 fac
1314 2629 1594 2723 potius,
1615 2622 2026 2723 'quomodo
2053 2632 2332 2703 animus
2371 2656 2624 2705 secum

690 2766 897 2817 meus
952 2753 1299 2813 consonet
1326 2790 1349 2828 ‚
1405 2762 1542 2811 nec
1593 2742 1884 2813 consilia
1943 2765 2105 2813 mea
2161 2740 2572 2835 discrepent
2601 2746 2618 2813 !

690 2848 1045 2922 Monstras
1077 2846 1297 2935 mihi,
1348 2846 1480 2939 qui
1523 2847 1663 2921 sint
1693 2849 1896 2921 modi
1941 2850 2256 2921 flebiles:
2299 2870 2626 2921 monstra

690 2957 974 3053 potius,
1012 2954 1393 3049 quomodo
1422 2956 1608 3028 inter
1634 2958 1922 3031 adversa
1949 2983 2102 3031 non
2133 2960 2460 3033 emittam
2487 2959 2626 3032 fle-

690 3068 919 3143 bilem
947 3066 1243 3137 vocem!
1326 3072 1329 3077 ’
1445 3070 1454 3084 “

788 3175 1031 3248 Metiri
1070 3198 1193 3247 me
1228 3174 1593 3251 Geumem'a
1637 3176 1851 3253 docet
1891 3180 2316 3253 latifundia:
2369 3182 2626 3275 potius

593 3348 595 3351 ,
694 3288 953 3361 doceat
971 3338 995 3375 ,
1020 3282 1401 3381 quomodo
1426 3290 1677 3362 metiar
1701 3308 2056 3383 quantum
2085 3290 2364 3363 homini
2397 3294 2496 3363 sit
2523 3320 2630 3363 sa·

692 3398 819 3473 tis!
847 3396 1233 3469 Numerare
1257 3396 1474 3469 docet
1511 3422 1631 3471 me
1655 3400 2086 3471 arithmetica
2110 3454 2134 3476 ,
2172 3418 2245 3472 et
2281 3403 2624 3473 avaritiae

599 3597 618 3605 q
692 3506 1155 3585 commodare
1178 3507 1468 3607 digitos:
1507 3510 1747 3602 potius
1771 3510 2026 3583 doceat
2051 3561 2073 3600 ,
2123 3512 2304 3582 nihil
2331 3512 2427 3583 ad
2454 3538 2620 3585 rem

691 3619 1045 3713 pertinere
1082 3617 1239 3709 istas
1281 3620 1891 3710 computationes!
1939 3644 2089 3705 non
2145 3644 2291 3691 esse
2331 3620 2622 3695 felicio-

692 3752 881 3815 rem,
906 3727 1108 3819 cuius
1128 3726 1643 3821 patrimonium
1673 3728 2050 3824 tabularios
2073 3731 2314 3816 lassat5
2345 3721 2622 3819 humo,

696 3858 917 3931 quam
940 3850 1368 3931 supetvacua
1392 3838 1746 3933 possideat
1779 3842 1910 3939 qui
1940 3826 2460 3915 infelicissimus
2499 3844 2621 3917 fu-
