2809 4850
464 385 1269 464 EP·ISTOL.A
1363 391 1770 469 Lxxrx.
1935 357 2172 502 289?
2275 441 2290 464 Ι

136 552 427 640 sidere,
467 574 557 626 ex
580 553 721 628 hoc
744 555 1095 654 colligunt
1136 555 1477 652 quidam,
1507 563 1712 654 quod
1757 560 2086 658 aliquan..-

143 667 251 738 do
305 666 595 764 longius
634 666 1134 768 navigantibus
1160 662 1445 745 solebat
1485 673 1786 744 ostendi.
1837 677 2086 751 Potest

142 779 293 852 hoc
326 777 692 864 accidere,
738 801 893 851 non
936 781 1105 870 quia
1142 781 1412 850 montis
1439 777 1748 862 altitudo
1781 783 2082 860 descen-

146 887 261 956 dit
280 938 307 976 ,
337 886 466 958 sed
492 881 660 980 quia
686 886 861 984 ignis
898 888 1189 960 evanuit
1216 905 1293 962 et
1316 889 1555 960 minus
1592 892 1977 968 vehemens·
1995 917 2088 968 ac

144 998 391 1092 largus
410 993 861 1078 effertu130b
884 995 1213 1070 eamdem
1237 1017 1516 1068 causam
1541 996 1750 1070 fumo
1779 1005 2082 1098 quoque

143 1125 277 1196 per
304 1101 508 1174 diem
534 1101 831 1197 segnior.
863 1100 1223 1176 Neutrum
1244 1122 1485 1174 autem
1513 1103 1939 1180 incredibile
1951 1129 2084 1203 est,

145 1235 285 1286 nec
330 1227 667 1284 montem
692 1259 719 1300 ,
774 1211 905 1302 qui
954 1211 1345 1286 devoretur
1382 1213 1756 1306 quotidie,
1809 1219 2086 1309 minui,

147 1343 283 1392 nec
325 1319 773 1424 ignem-non
812 1343 1097 1396 manere
1136 1321 1520 1394 eumdem:
1566 1323 1694 1414 qui
1732 1345 1886 1396 non
1929 1328 2083 1421 ipse

144 1453 237 1501 ex
264 1453 341 1501 se
386 1445 543 1518 est,·
589 1427 827 1501 sedin
868 1427 1107 1521 aliqua
1144 1428 1418 1502 inferna
1465 1432 1650 1502 valle
1685 1452 2082 1530 conceptus

146 1547 520 1610 exaestuat
538 1588 564 1627 ,
595 1553 667 1608 et
690 1537 835 1608 aliis
853 1537 1197 1630 pascitu13
1228 1541 1303 1610 in
1332 1539 1488 1631 ipso
1509 1557 1762 1611 monte
1787 1567 1938 1613 non
1957 1532 2121 1617 ali-''

146 1663 491 1723 mentum
517 1645 775 1734 habet,
810 1645 935 1716 sed
966 1647 1181 1718 viam.
1214 1645 1299 1716 In
1330 1645 1544 1742 Lycia
1584 1649 1780 1745 regio
1803 1654 2083 1742 notissi-

147 1753 260 1828 ma'
312 1773 429 1830 est
448 1805 472 1845 ,
526 1755 1013 1856 Hephaestion
1066 1755 1342 1828 incolae
1396 1774 1660 1828 vocant
1681 1807 1712 1846 ‚
1763 1757 2080 1835 foratum

144 1866 481 1961 pluribus
506 1867 675 1937 locis
700 1866 933 1936 solum
954 1915 978 1952 ,
1026 1864 1234 1957 quod
1260 1866 1411 1944 sine
1442 1868 1594 1970 ullo
1635 1871 2082 1944 nascentium

146 1977 428 2047 damno
460 1975 641 2071 ignis
672 1971 1013 2044 innoxius
1054 1973 1401 2070 circumit.
1453 1974 1662 2047 Laeta
1699 1976 1944 2069 itaque
1967 2003 2083 2049 re·-

143 2086 257 2182 gio
286 2103 443 2170 est,
470 2099 544 2154 et
580 2082 921 2169 herbida,
952 2081 1059 2152 nil
1096 2077 1402 2152 flammis
1433 2079 1936 2173 adurentibus,
1955 2086 2082 2159 sed
2114 2143 2122 2149 „

138 2185 531 2264 tantum'vi
553 2191 833 2262 remi—ssa
855 2213 932 2262 ac
958 2189 1293 2287 languida
1314 2188 1851 2288 refulgentibus.

238 2301 399 2373 Sed
418 2321 853 2376 reservemus
874 2299 1242 2386 ista‚,tunc
1266 2301 1648 2392 quaesituri
1671 2349 1693 2386 ‚
1727 2317 1964 2392 quum
1991 2315 2084 2373 tu·-

76 2472 87 2487 .
150 2411 325 2481 mihi
366 2408 753 2504 scripseris,
788 2426 1165 2502 -quantum
1196 2407 1290 2487 ab
1324 2410 1480 2501 ipso
1513 2432 1638 2478 ore
1665 2408 1932 2481 montis
1961 2411 2080 2482 ni·-

152 2544 267 2591 ves
290 2519 529 2591 absint
546 2565 576 2606 ‚
596 2540 885 2610 quasue
909 2536 1121 2588 aestas
1152 2515 1452 2607 quidem
1477 2518 1688 2587 solvit
1701 2542 1726 2605 3
1746 2520 1936 2589 adeo
1962 2537 2080 2589 tu·

152 2646 259 2700 tae
308 2646 482 2700 sunt
526 2629 619 2697 ab
652 2627 816 2723 igne
862 2627 1119 2697 vicino.
1174 2624 1351 2697 Non
1393 2640 1498 2697 est
1533 2644 1822 2715 autem,
1869 2626 2076 2721 quod

152 2740 351 2809 istam
386 2758 633 2811 curam
668 2736 951 2827 inputes
993 2735 1210 2803 mihi:
1256 2737 1518 2805 morbo
1563 2736 1758 2805 enim
1784 2752 1928 2807 tuo
1947 2736 2080 2809 da·-

153 2864 355 2919 tnrus
378 2869 562 2933 eras,
595 2844 811 2917 etiam
840 2843 896 2913 si
926 2866 1143 2913 nemo
1168 2842 1472 2933 quidem
1499 2842 1870 2913 mandaret
1902 2845 2077 2935 tibi3
2171 2889 2175 2893 -

155 2958 393 3032 donec
420 2955 725 3029 Aetnam
758 2954 1100 3039 describas
1122 2956 1200 3023 in
1226 2969 1359 3024 tuo
1386 2952 1698 3021 carmine
1716 3000 1740 3037 ‚
1773 2976 1912 3025 nec
1939 2978 2084 3046 pu·-

157 3069 289 3141 dor
309 3068 556 3139 obstet
590 3072 691 3136 n'e
725 3080 797 3137 et
834 3066 1023 3135 hunc
1068 3065 1434 3133 solennem
1473 3060 1812 3133 omnibus
1852 3063 2085 3154 poetis

154 3178 401 3249 locum
430 3175 777 3274 adtingam
812 3198 1033 3273 quem
1062 3198 1219 3265 quo
1239 3173 1476 3243 minus
1499 3170 1808 3243 Ovidius
1835 3186 2082 3243 tracta·
2157 3246 2166 3267 ¹

155 3300 261 3355 ret
280 3335 303 3371 ‚
348 3285 532 3357 nihil
566 3283 845 3355 obstitit
872 3281 1077 3375 quod
1110 3283 1247 3351 iam
1274 3280 1608 3379 Virgilius
1644 3280 2076 3373 inpleverat=

156 3414 245 3465 ne
290 3389 637 3466 Severum
680 3392 978 3485 quidem
1017 3390 1436 3463 Cornelium
1491 3406 1800 3484 uterque
1836 3388 2082 3463 ‘deter-

157 3504 311 3576 ruit-
342 3504 711 3577 Omnibus
732 3519 1081 3595 praeterea
1108 3500 1409 3574 feliciter
1452 3502 1568 3573 hic
1602 3501 1806 3573 locus
1845 3525 1920 3573 se
1944 3499 2080 3584 du

159 3612 296 3701 dit3
340 3631 455 3703 et,
488 3615 615 3708 qui
636 3628 1178 3707 praecesserant,
1229 3632 1381 3683 non
1406 3610 1864 3705 praeripuisse
1893 3609 2074 3684 mihi

156 3722 491 3795 videntur
526 3745 713 3818 quae
756 3721 897 3796 dici
922 3736 1257 3816 poterant
1279 3772 1301 3811 ,
1332 3722 1467 3794 sed
1507 3720 1876 3815 aperuisse.
1925 3716 2072 3795 Sed

155 3837 470 4003 multrlrm
510 3835 798 3909 interest
816 3865 855 3923 5
902 3850 1149 3905 utrum
1195 3830 1289 3920 acl
1338 3848 1786 3907 consumtam
1845 3822 2100 3911 msted'

384 3985 404 4005 .
1449 3953 1541 4025 19
