2809 4850
1260 209 1270 246 ἦ

414 289 655 442 Ei21
698 362 747 440 s
796 363 989 448 ‘ro
1037 367 1100 439 L
1146 365 1215 438 A
1256 365 1784 444 ,Lxxxvr
1930 379 2078 472 339

234 532 449 626 ‘Haec
486 531 543 602 si
570 532 701 603 tibi
740 532 1049 604 nimium
1088 531 1306 603 tristia
1341 531 1818 622 videbuntur,
1861 537 2072 608 villae

168 641 539 736 imputabis
561 667 582 728 3
618 641 696 713 in
722 665 865 735 qua
890 640 1109 712 didici
1133 642 1223 712 ab
1246 639 1536 738 Aegialo
1562 693 1587 729 ‚
1627 641 2071 741 diligentissi-
2099 731 2104 739 ,

168 781 286 828 mo
316 754 866 848 patrefamiliaeg
909 758 937 849 (
966 755 1019 826 is
1046 755 1240 828 enim
1264 755 1476 824 huius
1499 757 1642 853 agri
1677 772 1884 828 nunc'
1903 782 2074 851 pos-

167 887 367 938 sessor
404 882 509 935 est
536 867 603 960 ,)
638 866 974 956 quamvis
994 859 1198 936 {retus
1224 859 1594 936 arbustum
1628 888 1830 959 posse
1851 885 2074 942 trans-

165 973 335 1046 ferri.
370 973 535 1044 Hoc
560 974 768 1044 n'obis
807 972 1117 1042 senibus·
1141 971 1403 1050 discere
1435 973 1896 1046 necessarium
1923 992 2070 1066 est,‘

166 1102 471 1172 quorum
500 1101 717 1149 nemo
748 1100 899 1148 non
936 1077 1284 1149 olivetum
1327 1077 1525 1147 alteri
1565 1080 1809 1172 ponit:
1863 1081 2066 1174 quod

162 1187 307 1259 vidi
337 1187 546 1258 illum
584 1187 924 1258 arborum
966 1178 1263 1259 trimum
1300 1201 1430 1256 aut
1469 1187 1927 1282 quadrimum
1963 1191 2072 1263 fa·-

162 1293 485 1366 stidiendi
517 1293 787 1369 ftuetus
819 1311 1118 1368 autumo
1158 1295 1546 1389 deponere.
1599 1292 1712 1366 Te
1759 1319 2066 1392 quoque

161 1421 479 1503 proteget
496 1403 657 1493 ina,
699 1429 883 1498 quae
1575 1441 1578 1448 ·

252 1515 442 1586 tarda
460 1519 676 1590 venit.
720 1539 880 1585 seris
885 1514 1177 1612 factura
1212 1517 1542 1616 nepotibus
1579 1515 1916 1592 umbram,

160 1643 241 1698 ut
274 1626 383 1699 ait
394 1625 831 1700 VIRGILHJS
877 1647 1154 1699 noster·
1133 1677 1155 1714 ,
1184 1629 1311 1722 qui
1341 1652 1496 1700 non
1517 1679 1542 1716 ,
1590 1627 1778 1720 quid
1799 1627 2068 1701 verissi-

160 1759 309 1822 me,
350 1733 485 1806 sed
510 1733 696 1827 quid
728 1731 1214 1806 decentissime
1257 1734 1648 1822 diceretur,
1691 1733 2065 1826 adspexit3

160 1867 283 1916 nec
315 1843 649 1942 agricolas
669 1843 931 1915 docere
955 1845 1228 1931 voluit,
1272 1845 1397 1915 sed
1421 1846 1728 1942 legentes
1755 1843 2070 1914 delecta·-

160 1977 248 2024 re.
275 1954 465 2024 Nam
504 1953 625 2047 (ut
646 1953 889 2024 omnia
921 1953 1052 2024 alia
1076 1949 1472 2051 transeam)
1500 1955 1681 2039 hoc,
1717 1953 1920 2043 quod
1943 1953 2067 2024 mi-

157 2064 229 2133 hi
244 2062 467 2136 hodie
493 2085 771 2134 necesse
798 2059 936 2133 fuit
960 2059 1500 2156 deprehendere
1520 2113 1542 2150 ,
1580 2059 2022 2131 adscribam·

252 2171 607 2269 Verefabis
628 2174 799 2241 satio
822 2188 919 2241 est
938 2198 963 2240 .·
992 2188 1155 2241 tunc
1164 2189 1231 2244 te
1254 2197 1516 2268 quoque.
1535 2171 1810 2246 medica.
1834 2186 2076 2268 putres.

248 2284 575 2382 accipiunt
593 2282 761 2356 sulci
770 2333 795 2355 0
833 2297 899 2352 et
919 2281 1097 2352 milio
1128 2283 1305 2353 venit
1336 2307 1558 2353 annua
1587 2306 1765 2352 cura.

160 2385 267 2463 An
290 2385 441 2463 uno
478 2406 807 2486 tempore
842 2389 966 2463 ista
992 2389 1335 2485 ponenda
1363 2392 1544 2479 sint,
1589 2411 1665 2461 et
1686 2413 1776 2461 an
1803 2389 2064 2467 utrius-

160 2528 295 2595 que
334 2526 550 2575 verna
593 2502 679 2573 sit
724 2502 944 2592 satio,
994 2493 1161 2573 hinc
1203 2504 1526 2575 aestimes
1569 2501 1766 2574 licet.
1812 2502 2066 2573 lunius
2157 2512 2159 2515 ⁴

160 2615 405 2685 mensis
438 2630 599 2699 est,
619 2638 771 2705 quo
798 2612 935 2683 tibi
968 2612 1234 2700 scribe,
1274 2614 1417 2685 iam
1447 2612 1850 2707 proclivus
1829 2636 1907 2683 m
1944 2612 2064 2683 Iu-

158 2722 370 2793 lium.
418 2720 679 2792 eodem
705 2718 822 2791 die
862 2720 1013 2791 vidi
1058 2720 1297 2793 fabam
1338 2736 1744 2807 metentes,
1775 2720 2064 2792 milium

158 2852 496 2908 serentes.
707 2853 710 2856 ·
1349 2860 1353 2864 ·

190 2942 361 3013 Ad
392 2940 744 3011 olivetum
770 2958 1118 3027 revertor,
1161 2936 1365 3033 quod
1393 2936 1542 3009 vidi
1573 2936 1860 3011 duobus
1894 2960 2060 3008 mo-

160 3051 256 3123 dis
280 3051 709 3146 depositum.
740 3048 1161 3147 Magnarum
1196 3050 1532 3119 arb-orum
1563 3065 1888 3133 truncos,
1925 3046 2062 3117 cir-

160 3160 471 3233 cumcisis
492 3160 702 3231 ramis·
722 3162 795 3229 et
826 3157 921 3231 ad
946 3180 1178 3229 unum
1212 3155 1509 3227 redactis
1535 3155 1845 3249 pedem,
1886 3176 2060 3226 cum

158 3294 321 3363 rapo
359 3295 490 3372 suo
512 3270 871 3342 transtulit
883 3317 914 3357 ‚,
954 3266 1333 3362 amputatis
1368 3264 1724 3337 radicibus
1744 3313 1767 3353 ‚
1805 3264 2058 3335 relicto

160 3396 436 3453 tantum
481 3379 709 3477 capite
747 3381 959 3475 ipso,
996 3404 1091 3449 ex
1140 3402 1293 3472 quo
1330 3378 1498 3449 'illae
1543 3374 2074 3472 pependerant*

160 3490 315 3563 Hoc
359 3492 531 3563 fimo
576 3491 887 3563 tinctum
929 3488 1372 3559 in-scrobem
1416 3486 1698 3557 demisit
1719 3511 1741 3572 3
1791 3483 2078 3556 deinde-

160 3615 401 3672 terram
426 3620 575 3697 non
586 3598 887 3698 adgessit
905 3594 1214 3684 tantum,
1238 3596 1359 3669 sed
1380 3595 1674 3669 calcavit
1697 3609 1772 3667 et
1791 3596 2058 3689 pressit.

159 3708 383 3810 Negat
405 3712 808 3806 quidquam
838 3734 979 3781 esse
1010 3710 1174 3797 hac,
1212 3726 1297 3778 ut
1313 3710 1442 3793 ait,
1481 3706 1886 3801 spissatione
1910 3704 2058 3778 effi·-

161 3820 417 3912 cacius3
445 3819 778 3896 videlicet
792 3817 1007 3917 frigus
1033 3814 1353 3893 excludit
1366 3820 1443 3889 e't
1461 3826 1790 3891 ventumz
1817 3812 2059 3891 minus
