2809 4850
523 294 1677 472 rpisroraxm
1970 389 2059 470 35

140 542 379 605 mere,
417 515 696 614 aliquid
737 541 976 592 secum
1023 520 1238 595 fetet!
1289 546 1511 618 quare
1548 523 1823 620 aliquid
1856 524 2009 600 dixi
2028 531 2066 603 i!

140 623 490 702 multum.
539 627 744 734 Quid
770 630 962 700 enim
995 630 1126 704 hac
1159 655 1339 704 voce
1364 633 1813 727 praeclarius,
1840 659 2065 729 quam

139 738 246 810 illi
271 738 480 808 trado
499 736 594 808 ad
617 755 694 809 te
715 739 1212 832 perferendam
1226 743 1260 812 ἒ
1275 743 1543 814 Maium
1538 760 1677 818 est.
1702 747 1769 814 in
1792 747 2067 818 necessi·-

143 866 284 920 tate
305 852 564 922 w'vere:
605 849 770 918 sed‘
745 874 812 918 m
838 854 1213 922 necessitate
1237 854 1489 926 vivere.
1516 856 1859 924 necessitas
1876 855 2065 926 nulla

144 976 259 1029 est.
305 956 598 1065 Quidni
625 959 821 1027 nulla
843 955 978 1028 sit?
1009 954 1258 1052 patent
1287 959 1615 1052 undique
1648 961 1741 1032 ad
1776 961 2067 1035 liberta-

143 1083 298 1140 tem
340 1067 495 1139 viae
539 1068 806 1140 multae
825 1118 849 1156 ,
899 1069 1146 1140 breves
1166 1121 1192 1158 ‚
1242 1069 1493 1142 fac'ilest
1548 1071 1859 1168 Agamus
1898 1071 2063 1146 Deo

143 1176 432 1274 gratias,
473 1175 684 1270 quod
707 1198 924 1249 nemo
955 1179 1030 1248 in
1065 1181 1210 1250 vita
1231 1179 1457 1252 teneri
1484 1199 1719 1274 potest
1748 1209 1765 1251 ε
1801 1185 2067 1256 calcare

147 1291 324 1383 ipsas
369 1290 804 1363 necessitates
842 1291 1028 1362 licet.
1083 1290 1597 1377 „Erlctmus,
1640 1290 1920 1383 inquis,
1952 1290 2067 1361 di-

145 1397 272 1466 xit.
331 1396 540 1500 Quid
577 1393 714 1470 tibi
749 1421 916 1469 cum
954 1397 1186 1467 alieno
1208 1397 1242 1468 Ρ
1264 1405 1316 1442 “
1365 1397 1599 1501 Quod
1634 1423 1885 1470 verum
1921 1415 2063 1488 est,

145 1527 398 1576 meum
429 1521 573 1575 est:
618 1503 1086 1597 perseverabo
1115 1503 1503 1599 Epicurum
1536 1506 1667 1577 tibi
1706 1507 2065 1603 ingerere;

147 1627 232 1682 ut
255 1613 417 1701 isti,
451 1612 584 1706 qui
617 1613 696 1686 in
721 1607 938 1686 verba
961 1614 1198 1686 iurant
1215 1664 1239 1702 ,
1281 1635 1414 1686 nec
1441 1614 1627 1708 quid
1650 1614 1929 1688 dicatur
1946 1639 2067 1692 ae·

145 1726 442 1797 stimant
465 1773 490 1812 ‚
529 1721 656 1795 sed
701 1747 743 1794 a
779 1746 979 1816 que,
1023 1721 1287 1813 sciant,
1322 1747 1511 1818 quae
1538 1726 1813 1820 optima
1850 1739 2069 1816 sunt,

147 1857 290 1904 esse
313 1831 750 1906 communia.
776 1831 977 1905 Vale.

611 2021 1265 2098 EPISTOLA
1329 2021 1660 2106 x111.‚

142 2157 352 2214 Fumat
367 2158 578 2228 puiehre
589 2159 832 2212 adversus
847 2157 1062 2212 fortuita
1073 2195 1092 2224 ,
1107 2170 1164 2212 et
1176 2159 1335 2212 robur
1349 2157 1523 2214 donat.
1543 2156 1767 2212 Maxime
1782 2167 1950 2212 autem
1962 2193 1979 2222 ‚
1995 2171 2067 2212 ω

271 2239 566 2294 futurorum
584 2252 721 2292 metu
737 2256 1002 2310 angantur:
1021 2239 1216 2292 ineerta
1233 2256 1292 2291 en
1309 2255 1421 2292 esse
1432 2275 1449 2304 ‚
1468 2251 1521 2292 et
1542 2255 1697 2306 posse
1714 2256 1819 2291 non
1837 2239 2067 2292 evenire·

271 2320 380 2387 Spe
395 2319 560 2389 igitur
573 2335 771 2370 omnem
791 2331 981 2370 metum
999 2317 1388 2386 temperandum.
1416 2315 1613 2369 Deinde
1636 2315 1761 2366 inus
1774 2315 2033 2369 robustius
2044 2329 2067 2366 a

269 2397 376 2451 Fae
399 2410 458 2455 et
475 2397 712 2469 praecipe
730 2407 946 2452 mma
957 2415 978 2461 3
997 2413 1030 2449 a
1051 2396 1166 2451 Deo
1188 2407 1336 2461 sunt,
1355 2407 1413 2455 et
1426 2393 1483 2449 in
1500 2395 1710 2451 boumn.

532 2563 876 2639 SENECA
922 2563 1174 2635 Lucilio
1206 2588 1320 2634 suo
1355 2562 1675 2635 Salutem.

150 2666 364 2805 Mu
373 2744 532 2798 mu
540 2746 602 2796 M
623 2727 758 2799 tibi
776 2726 920 2799 esse
943 2726 1159 2799 animi
1174 2726 1337 2798 scio.
1361 2725 1552 2799 Nam
1576 2726 1789 2801 etiam
1809 2776 1833 2813 ‚
1860 2738 2062 2825 ante-

147 2860 369 2927 quam
414 2835 790 2906 instrueres
818 2851 890 2906 te
920 2835 1304 2929 praeceptis
1326 2832 1745 2915 salutaribus
1775 2848 1847 2904 et
1883 2832 2061 2905 dura

146 2944 647 3034 vincentibus,
685 2943 846 3015 satis
867 2943 1198 3015 adversus
1231 2941 1597 3013 fortunam
1627 2941 1951 3035 placebas
1972 2942 2063 3013 ti·

147 3053 258 3141 bi3
285 3069 364 3125 et
391 3055 630 3126 multo
657 3054 870 3152 magis
891 3106 917 3141 ,
943 3052 1323 3146 postquam
1353 3062 1533 3154 eum
1562 3050 1683 3121 illa
1704 3048 2063 3121 conserui-

20 3190 23 3199 *
145 3165 230 3234 sti
249 3187 588 3251 manum,
625 3162 950 3257 viresque
977 3176 1308 3257 expertus
1333 3186 1404 3231 es
1428 3176 1607 3247 tuas,
1630 3182 1817 3252 quae
1836 3180 2062 3228 num·-

147 3299 372 3369 quam
389 3291 654 3347 certam
674 3273 844 3352 dare
861 3273 1190 3345 fiduciam
1207 3272 1312 3343 sui
1329 3287 1654 3365 possunt,
1676 3268 1807 3340 nisi
1824 3292 2061 3362 quum.

147 3386 422 3475 multae
471 3382 912 3455 difficultates
961 3380 1126 3451 hinc
1170 3396 1244 3449 et
1287 3380 1487 3451 illinc
1534 3377 2065 3473 adparuerunt,

149 3493 544 3588 aliquando
569 3516 744 3567 vero
783 3508 857 3565 et
877 3491 1176 3586 propius
1199 3502 1649 3561 accesserunt.
1697 3485 1813 3559 Sic
1852 3504 2065 3555 verus

149 3606 264 3677 ille
317 3606 597 3677 animus
619 3655 644 3693 ,
689 3621 763 3676 et
803 3604 882 3675 in
926 3603 1241 3675 alienut'n
1287 3622 1440 3673 non
1482 3615 1825 3672 venturus
1867 3592 2063 3667 arbi·

147 3718 810 3812 trium‚probatur;
855 3718 1030 3787 haec
1061 3714 1208 3785 eius
1249 3713 1536 3785 obrussa
1560 3724 1684 3781 est.
1717 3707 1790 3780 N
1794 3730 1893 3777 on
1921 3730 2061 3802 po·-

147 3838 280 3897 test
304 3824 569 3899 athleta
590 3847 894 3925 magnos
910 3823 1192 3919 spiritus
1218 3818 1312 3895 ad
1335 3830 1711 3894 certamen
1732 3814 2057 3909 adferre,
