2809 4850
576 405 1735 498 EPISTOLALXX.
1946 440 2087 515 ²27

156 569 490 646 medium
515 620 538 657 ,
569 569 646 644 in
670 569 1040 662 utriusque
1065 568 1383 640 confinio
1417 570 1733 666 positum
1756 623 1779 660 ,
1820 573 2086 652 deinde

155 683 380 778 ipsius
409 678 1138 773 senectutisoptimos
1169 703 1426 753 annosz
1500 681 1871 754 novissime
1908 688 2088 761 inci.

155 789 272 883 pit
295 787 578 859 ostendi
606 785 940 880 publicus
983 786 1138 856 finis
1165 786 1433 884 generis
1460 788 1772 882 humani.
1808 789 2084 888 Scopu-

155 900 317 970 lum
363 921 506 968 esse
547 897 758 968 illum
795 911 1176 990 putamuS,
1223 895 1769 972 dementissimi:
1826 919 2079 993 portus

157 1023 304 1097 est,
330 1005 721 1101 aliquando
749 1005 1104 1100 petendus
1121 1056 1144 1093 ‚
1171 1029 1578 1099 numquam
1608 1011 2075 1099 recusandus-3

153 1116 236 1186 in
266 1140 490 1210 quem
529 1118 585 1186 si
629 1117 789 1209 quis
834 1114 1014 1186 intra
1045 1116 1314 1208 primos
1353 1139 1577 1188 annos
1622 1117 1897 1192 delatus
1935 1139 2079 1210 est,

155 1245 316 1296 non
348 1225 564 1322 magis
585 1223 792 1317 queri
819 1223 1080 1310 debet,
1115 1249 1336 1316 quam
1363 1227 1495 1316 qui
1521 1227 1667 1297 cito
1694 1227 2083 1325 navigavit.‚

158 1335 408 1407 Alium
435 1336 632 1406 enim
657 1385 680 1422 ,
711 1352 800 1405 ut
825 1337 948 1404 sci-s
966 1383 988 1419 ‚
1027 1333 1224 1406 'venti
1263 1331 1511 1432 segnes
1532 1335 1801 1406 ludunt
1824 1362 1903 1408 ac
1945 1339 2079 1410 de-

158 1445 400 1515 tinent
420 1495 445 1532 ,
513 1459 586 1515 et
625 1441 1170 1535 tranquillitatis
1190 1445 1623 1516 lentissimae
1659 1446 1895 1518 taedio
1946 1437 2079 1520 las-

157 1569 351 1641 sant3
367 1554 593 1624 alium
609 1551 936 1647 pertinax
961 1549 1166 1622 flatus
1183 1554 1545 1624 celerrime
1564 1554 1845 1646 perfert.
1870 1557 2075 1632 Idem

158 1665 444 1738 evenire
482 1665 714 1736 nobis
722 1678 936 1758 puta.
985 1664 1154 1734 alios
1189 1665 1334 1737 vita
1374 1665 1807 1737 velocissime
1840 1653 2094 1742 addua*

153 1777 268 1848 xit
295 1801 452 1869 quo
480 1775 922 1848 veniendum
945 1789 1090 1845 erat
1107 1776 1320 1846 etiam
1347 1779 1883 1865 cunctantibus,
1902 1783 2102 1852 alios·

155 1885 537 1956 maceravit
563 1903 633 1954 et
659 1884 891 1957 coxit=
921 1907 1143 2004 quae,
1168 1900 1254 1954 ut
1277 1885 1402 1954 scis
1422 1935 1445 1970 ,
1474 1906 1629 1954 non
1659 1909 1940 1980 semper
1962 1913 2077 1960 re·-

153 1992 458 2063 tinenda
481 2009 621 2079 est3
659 2014 812 2062 non
837 1991 1034 2061 enim
1061 1991 1300 2061 vivere
1326 1989 1612 2062 bonum
1634 2011 1774 2082 est,
1803 1995 1927 2066 sed
1948 1996 2078 2068 be-

151 2125 248 2172 ne
273 2100 536 2172 vivere.
587 2099 837 2192 ltaque
857 2096 1154 2193 Sapiens
1184 2099 1364 2174 vivit
1399 2118 1756 2192 quantum
1794 2103 2017 2178 debet
2042 2157 2074 2196 ,

150 2233 310 2294 non
351 2209 726 2305 quantum
745 2227 1002 2304 potest.
1040 2209 1384 2296 Videbit,
1430 2211 1560 2281 ubi
1594 2213 1909 2284 victurus
1939 2217 2073 2302 sit,

153 2347 326 2396 cum
371 2323 678 2415 quibus,
729 2311 1152 2415 quomodo,
1209 2321 1392 2416 quid
1440 2337 1755 2400 actutus.
1810 2327 2077 2422 cogitat

150 2458 435 2529 semper
455 2484 479 2522 ‚
511 2436 732 2529 qualis
756 2437 940 2523 vita,
965 2459 1120 2505 non
1145 2452 1412 2527 quanta
1436 2433 1541 2505 sit.
1584 2434 1657 2506 Si
1700 2439 1923 2509 multa
1954 2464 2075 2511 oo-

153 2563 460 2618 currunt
519 2548 816 2619 molesta
882 2561 956 2617 et
1017 2546 1607 2639 tranquillitatem
1666 2546 2023 2619 turbantia
2040 2567 2085 2639 ,ἱ

153 2658 424 2727 emittit
447 2682 552 2729 se:
597 2680 732 2729 nec
770 2658 910 2727 hoc
935 2672 1220 2726 tantum
1261 2655 1336 2725 in
1370 2655 1779 2727 necessitate
1811 2658 2069 2731 ultima

149 2764 358 2851 ficit3
401 2764 566 2851 sed,
621 2786 854 2855 quum
903 2764 1217 2855 primum
1258 2763 1359 2849 iui
1383 2756 1707 2858 coeperit
1740 2784 2067 2860 suspecta

153 2898 294 2945 esse
329 2875 622 2946 fortuna
642 2923 665 2958 ,
713 2871 1082 2968 diligenter
1125 2873 1640 2964 circumspicit,
1696 2876 2077 2967 numquid-

150 2985 276 3055 illo
303 2985 427 3054 die
451 2982 922 3053 desinendum
947 2983 1052 3051 sit.
1098 2981 1296 3051 Nihil
1323 2980 1673 3079 existimat
1696 3007 1817 3054 sua
1842 2983 2073 3059 refer-s

150 3117 268 3181 re,
313 3092 524 3163 faciat
548 3093 806 3179 finem,
841 3114 934 3161 an
972 3091 1303 3184 accipian
1349 3090 1614 3161 tardius
1654 3092 1815 3179 fiat,
1846 3113 1937 3162 an
1964 3096 2071 3165 ci·-

149 3206 331 3273 tius:
371 3226 522 3271 non
547 3217 916 3296 tamquam
943 3200 1034 3271 de
1059 3224 1320 3297 magno
1355 3200 1811 3273 detrimento·
1834 3201 2067 3276 timet.

149 3310 394 3381 Nemo
441 3311 758 3380 multum
805 3332 896 3381 ex
929 3308 1284 3381 stillicidio
1311 3323 1551 3403 potest
1574 3308 1892 3403 perdere.
1946 3310 2069 3383 Ci-

149 3423 292 3493 tius
315 3420 497 3491 mori
524 3468 547 3505 ,
569 3442 660 3491 an
684 3418 949 3489 tardius
967 3470 994 3505 ,
1019 3419 1108 3488 ad
1129 3424 1286 3489 sr'em
1311 3438 1470 3512 nqn
1494 3422 1841 3511 pertinet:
1876 3410 2077 3491 bene

147 3532 339 3602 mori
361 3580 384 3617 ,
415 3554 508 3600 an
534 3525 761 3615 male,
787 3530 876 3599 ad
896 3553 1047 3599 rem
1069 3530 1395 3623 pertinet.
1426 3528 1617 3600 Bene
1638 3548 1882 3603 autem
1904 3550 2067 3603 moa·
2128 3576 2135 3583 ·

150 3638 251 3726 ri,
303 3654 404 3709 est
435 3634 742 3734 effugere
787 3639 972 3707 male
1000 3636 1290 3707 vivendi
1328 3636 1755 3730 periculum.
1809 3640 2093 3731 Itaque·

154 3746 816 3819 effeminatissimam
862 3769 1118 3816 vocem
1153 3746 1336 3817 illius
1375 3746 1639 3817 Rhodii
1688 3746 2018 3819 existimo
2032 3798 2061 3845 ,

151 3858 280 3953 qui
302 3904 344 3947 ,-
362 3880 599 3951 quum
625 3855 703 3929 in
729 3877 1014 3931 caveam
1049 3853 1413 3932 coniectus
1442 3872 1615 3931 esset
1634 3881 1679 3931 a
1714 3868 2061 3953 tyranno,
