2809 4850
643 321 779 397 106
1011 317 1093 391 L.
1145 315 1590 390 ANNAEI
1635 309 2163 390 SENECAE
2239 320 2254 334 ‘

637 507 777 553 esse
796 533 817 569 ,
846 481 1227 574 ubi„quae
1252 481 1576 552 eminent
1597 532 1620 570 ,
1653 497 1820 552 sunt
1855 476 2222 553 notabilia.
2253 474 2436 546 Non
2449 483 2580 545 est

636 589 1084 661 admirationi
1128 613 1272 660 una
1310 588 1561 676 arbor,
1605 589 1734 660 ubi
1758 589 2191 660 iri-eamdem
2233 585 2588 658 altitudi-

634 723 803 771 nem
830 714 979 770 tota
1006 692 1173 770 silva
1217 702 1538 770 surrexit.
1572 697 1942 768 Eiusmodi
1979 697 2280 770 vocibus
2301 696 2582 768 refer-ta

634 829 801 882 sunt
830 810 1135 882 carmina
1156 859 1178 896 ,
1212 807 1505 882 refertae
1534 810 1876 896 historiae,
1912 810 2173 902 1taque
2199 811 2375 890 nolo
2411 809 2584 878 illas

633 921 917 1016 Epicuri
946 909 1089 990 esse
1114 920 1498 1006 existimes;
1530 921 1866 1015 publicae
1899 934 2107 1008 sunt,
2144 935 2218 990 et
2243 917 2576 988 maxime

631 1052 935 1106 nostrae.
976 1033 1118 1104 Sed
1144 1033 1244 1102 illi
1272 1032 1492 1128 magis
1526 1025 1996 1118 adnotantur,
2031 1034 2200 1124 quia
2227 1055 2417 1102 rarae
2445 1031 2576 1098 in·-
2679 1064 2698 1078 x
2788 1055 2789 1062 ¹

632 1142 838 1213 terim
866 1140 1397 1226 interveniunt,
1428 1141 1596 1232 quia
1622 1140 2174 1231 inexspectatae,
2222 1138 2390 1230 quia
2413 1134 2572 1206 rni-

630 1272 794 1334 rum
822 1264 925 1318 est
950 1247 1227 1320 fortiter
1250 1247 1528 1340 aliquid
1555 1246 1693 1317 dici
1721 1248 1812 1318 ab
1843 1247 2139 1319 homine
2171 1246 2568 1318 mollitiam

631 1357 965 1451 professo,
1012 1358 1116 1430 Ita
1162 1358 1353 1428 enim
1408 1357 1735 1450 plerique
1782 1355 2130 1428 iudicant:
2187 1357 2389 1450 apud
2434 1379 2562 1426 me

632 1485 735 1540 est
770 1468 1117 1562 Epicurus
1156 1481 1231 1540 et
1272 1467 1516 1554 fortis,
1558 1467 1726 1537 licet
1752 1469 2196 1538 manuleatus
2231 1468 2338 1538 sit.
2380 1466 2568 1536 For·

602 1581 908 1678 titudo,
948 1591 1024 1650 et
1050 1576 1425 1665 industria,
1464 1593 1534 1649 et
1560 1577 1650 1647 ad
1687 1578 1964 1656 bellum
1995 1593 2281 1672 promta
2307 1599 2514 1648 mens
2533 1627 2562 1664 ,

634 1702 781 1758 tam
820 1688 897 1756 in
935 1687 1201 1772 Persas,
1240 1687 1464 1811 quarn
1496 1685 1574 1756 in
1603 1686 1744 1756 alte
1771 1689 2074 1772 cinctos,
2117 1685 2326 1758 cadit.
2377 1685 2560 1756 Non

632 1815 736 1870 est
760 1821 927 1896 ergo
963 1793 1171 1890 quod
1212 1798 1446 1894 exigas
1473 1815 1801 1890 excerpta
1827 1813 1899 1866 et
1932 1797 2264 1917 repetita:
2320 1798 2561 1869 conti·
2605 1861 2610 1866 .

631 1927 869 1978 nuum
895 1926 997 1978 est
1019 1899 1217 2002 apud
1247 1923 1566 1995 nostros,
1562 1905 1970 1999 quidquid
1988 1889 2204 2007 apud
2227 1905 2404 1976 alios
2439 1927 2564 1976 ex-

634 2016 965 2108 cerpitur.
998 2017 1164 2126 Non
1193 2014 1582 2086 habemus
1563 2031 1810 2107 itaque
1831 2015 1956 2084 ista
1989 2002 2386 2101 oculiferia3
2415 2035 2558 2086 nec

635 2140 983 2194 emtorem
1004 2113 1473 2216 decipimus,
1527 2122 1731 2193 nihil.
1757 2123 2267 2212 inventurum,
2319 2147 2564 2216 quum

594 2235 1049 2322 firmaverit,-
1086 2253 1365 2328 praeter
1409 2236 1527 2305 illa
1581 2259 1766 2327 quae
1813 2236 1888 2303 in
1933 2232 2169 2307 fronte
2223 2253 2558 2326 suspensa

628 2360 816 2417 sunt.
840 2345 1023 2439 Ipsis
1062 2346 1583 2439 permittimus,
1619 2345 1819 2417 unde
1848 2347 2074 2418 velint
2105 2367 2384 2418 sumere
2425 2369 2562 2416 ex-

632 2456 985 2549 emplaria.
1042 2455 1229 2527 Puta
1266 2474 1397 2529 nos
1435 2458 1620 2529 velle
1657 2458 2038 2555 singulares
2056 2458 2434 2529 sententias
2463 2478 2558 2529 ex

630 2566 842 2635 turba
875 2588 1224 2657 separare:
1274 2566 1390 2639 cui
1427 2567 1575 2637 illas
1611 2567 2188 2665 adsignabimus?
2226 2568 2560 2656 zenoni,

629 2694 719 2741 an
738 2672 1101 2762 Cleanthi,
1120 2698 1222 2760 ,an
1242 2674 1648 2770 Chrysippo
1668 2727 1692 2763 ,
1723 2702 1814 2748 an
1842 2677 2208 2763 Panaetio,
2233 2700 2326 2747 an
2349 2677 2557 2748 Posi·
2651 2773 2655 2779 Ι

553 2817 560 2824 ’
629 2779 904 2851 donio?
938 2782 1013 2851 N
1018 2786 1113 2852 on
1140 2806 1383 2861 sumus
1406 2786 1766 2883 subtrege3
1794 2786 1932 2855 sibi
1963 2786 2270 2879 quisque
2297 2810 2370 2855 se
2387 2785 2552 2856 vin-

630 2889 845 2961 dicat:
900 2888 1099 2987 ap'ud
1147 2894 1354 2980 istos,
1413 2888 1776 2987 quidquid
1819 2895 1990 2966 dicit
2023 2895 2548 2981 Hermarchus,

627 2997 995 3101 quidquid
1018 3002 1502 3091 Metrodorus,
1525 3005 1614 3075 ad
1643 3028 1872 3076 unum
1895 3003 2209 3077 refertur.
2238 3006 2545 3093 Omriia,

628 3128 817 3197 quae
860 3110 1244 3200 'quisquam
1286 3110 1369 3179 in-
1400 3110 1528 3179 illo
1577 3112 2368 3182 contuberniolocutus
2395 3128 2499 3183 est
2521 3162 2546 3200 ,

628 3216 842 3286 unius
885 3217 1113 3289 ductu
1161 3234 1231 3315 et
1276 3218 1598 3311 auspiciis
1637 3219 1824 3288 dicta
1858 3237 2042 3289 sunt.
2095 3222 2268 3293 Non
2293 3246 2548 3315 possu-

626 3346 822 3407 mus,
875 3323 1223 3415 inquam,
1261 3325 1426 3395 licet
1469 3344 1866 3414 tentemus,
1917 3328 2222 3405 educere
2265 3330 2544 3423 aliquid

627 3454 721 3501 ex
744 3446 937 3503 tanta
957 3453 1193 3507 rerum
1213 3436 1622 3527 aequalium
1653 3437 2149 3531 multitudine.

720 3542 1045 3640 Pauperis
1070 3560 1167 3613 est
1192 3568 1530 3615 numerare
1542 3570 1761 3643 pecus.
1795 3582 1867 3601 --

628 3648 1125 3749 Quocumque
1180 3652 1444 3723 miseris
1495 3656 1840 3745 oculum,
1894 3655 1972 3728 id
2031 3658 2171 3729 tibi
2217 3654 2546 3754 occurret

628 3758 845 3849 quod⁸
865 3762 1183 3834 eminere
1205 3783 1472 3857 posset,
1492 3764 1630 3835 nisi
1667 3766 1853 3839 inter
1889 3766 2082 3861 paria
2102 3770 2474 3869 legeretur.
2544 3805 2550 3812 ·
