2809 4850
497 335 1421 412 .EP1-STOLA
1515 321 1793 410 x‘1.‘.
2007 364 2093 442 31

159 503 368 576 deret
399 500 600 574 vitia.
651 499 1188 606 Quaecumque
1225 495 1575 570 adtribuit
1614 496 1940 572 conditio
1972 523 2103 572 na-

161 613 408 684 scendi
453 625 532 682 et
573 608 888 703 corporis
926 624 1406 702 temperatura
1428 659 1453 698 ‚
1506 632 1743 702 quum
1778 611 2099 684 multum

161 748 234 795 se
267 720 554 813 diuque
573 719 852 792 animus
884 717 1376 811 composuerit
1393 768 1420 806 ,
1452 718 1873 826 haerebupt.
1900 720 2101 794 Nihil

159 828 434 900 horum
458 825 677 910 vetari
707 838 984 918 potest,
1011 845 1168 894 non
1193 823 1415 920 magis
1440 848 1659 916 quam
1690 827 1949 902 arcessi.
1970 827 2101 902 Ar·
2204 835 2209 842 ’

159 934 388 1008 tifices
431 933 732 1020 scenici,
787 930 916 1025 qui
956 931 1336 1003 imitantur
1363 927 1733 1026 adfectus,
1778 937 1910 1028 qui
1942 959 2099 1012 me-

161 1063 330 1118 tum
370 1059 450 1116 et
483 1041 1040 1138 trepidationem
1063 1040 1501 1134 exprimunt
1518 1092 1543 1130 ,
1590 1042 1721 1136 qui
1751 1044 2097 1120 tristitiam

161 1167 700 1250 repraesentant
723 1204 748 1241 ,
801 1153 943 1224 hoc
994 1150 1266 1223 indicio
1321 1149 1696 1224 imitantur
1752 1177 2100 1229 verecun-

167 1266 410 1337 diam:
455 1263 1134 1334 deficiunt-vultum
1156 1311 1180 1350 ‚
1227 1261 1449 1332 verba
1486 1261 1973 1353 submittunt,
2012 1265 2099 1336 fi-

163 1389 351 1472 gunt
370 1373 449 1443 in
476 1390 738 1443 terram
767 1370 1016 1442 oculos
1047 1386 1122 1442 et
1154 1369 1611 1464 deprimunt=
1649 1370 1989 1444 ruborem
2008 1374 2101 1443 si-

167 1483 244 1554 bi
293 1481 706 1577 exprimere
743 1503 896 1552 non
925 1494 1224 1573 possunt
1237 1504 1260 1568 3
1299 1501 1435 1552 nec
1468 1479 1894 1572 prohibetur
1936 1481 2096 1571 hic,

161 1618 298 1666 nec
325 1591 732 1664 adducitur.
759 1590 964 1664 Nihil
988 1588 1320 1660 adversus
1358 1588 1533 1660 haec
1562 1589 1903 1684 sapientia
1926 1613 2099 1686 pro-

164 1702 395 1776 mittit
414 1752 443 1790 ,
489 1700 670 1772 nihil
719 1699 1043 1795 proficit:
1089 1698 1199 1770 sui
1231 1697 1396 1768 iuris
1434 1713 1640 1785 sunt3
1684 1698 1941 1777 initura
1968 1723 2097 1774 ve·

166 1813 388 1886 nium:
407 1863 434 1901 ,
473 1801 732 1882 iniussa
769 1808 1168 1880 discedunt.
1207 1847 1279 1862 -
1337 1807 1487 1876 lam
1526 1807 1913 1878 clausulam
1944 1809 2100 1904 epi-

168 1925 350 1996 stola
396 1922 652 2019 poscit.
715 1920 979 2013 Accipe
1029 1917 1380 2012 equidem
1422 1916 1678 1988 utilem
1728 1933 1803 1988 et
1844 1920 2102 1990 saluta·

167 2056 364 2120 rem,
399 2055 625 2123 quam
658 2045 732 2100 te
755 2028 1060 2124 adfigere
1081 2027 1325 2098 animo
1353 2027 1567 2097 volo:
1604 2026 1859 2124 Aliquis
1873 2029 1976 2099 vir
1998 2029 2103 2100 bo-

167 2169 293 2216 nus
312 2143 496 2214 nobis
519 2139 852 2234 eligendus
878 2156 1009 2212 est,
1029 2157 1128 2208 'ac
1150 2159 1395 2234 semper
1420 2152 1571 2206 ante
1604 2137 1820 2208 oculos
1860 2135 2103 2208 haben-

169 2254 332 2328 dus.
361 2269 441 2321 ut
463 2254 558 2320 sic
592 2267 915 2344 tamquam
943 2248 1054 2317 illo
1075 2261 1403 2344 spectante
1424 2247 1713 2317 vivamus
1732 2298 1756 2321 .
1796 2264 1858 2318 et
1882 2250 2098 2318 omnia

169 2377 506 2459 tamquam
554 2359 665 2430 illo
714 2357 966 2431 vidente
1002 2354 1360 2455 faciamus.
1419 2355 1617 2445 Hoc,
1669 2355 1773 2429 mi
1820 2355 2098 2449 Lucili,

165 2472 293 2545 ER
313 2492 344 2542 1
363 2492 408 2542 c
435 2490 488 2541 tr
509 2492 562 2543 R
583 2488 637 2541 u
657 2488 691 2539 s
727 2470 1116 2563 praecepit:
1161 2468 1539 2541 custodem
1590 2467 1800 2539 nobis
1834 2486 1907 2540 et
1930 2494 2102 2563 pae-

170 2584 540 2683 dagogum
567 2582 803 2661 dedit;
850 2606 984 2654 nec
1023 2580 1402 2653 immerito.
1444 2581 1707 2680 Magna
1733 2606 1889 2676 pars
1928 2608 2101 2678 pec·

168 2712 496 2767 catorum
521 2692 839 2778 tollitur,
891 2691 948 2761 si
985 2692 1338 2786 peccatori
1370 2692 1564 2764 testis
1602 2692 1891 2765 adsistit.
1946 2691 2103 2763 Ali-

169 2827 394 2896 quem
415 2800 672 2873 habeat
699 2799 976 2871 animus
999 2848 1024 2887 ‚
1069 2824 1292 2893 quem
1337 2818 1702 2890 vereatur,
1751 2802 1949 2873 cuius
1978 2826 2103 2872 au·

169 2911 502 2985 ctoritate
533 2910 748 2981 etiam
777 2924 1129 2981 secretum
1170 2926 1380 2981 suum
1422 2910 1722 2981 sanctius
1754 2909 1978 2984 faciat.
2021 2912 2097 2981 Ο

169 3020 452 3093 felicem
483 3020 696 3091 illum
725 3072 751 3110 ,
783 3021 1092 3116 quinon
1113 3044 1435 3113 praesens
1461 3036 1749 3091 tantum
1778 3070 1803 3107 ,
1836 3021 1963 3093 sed
1994 3038 2103 3093 et..

169 3132 313 3203 iam
355 3128 706 3228 cogitatus
744 3129 1119 3203 emendat!
1161 3130 1237 3199 Ο
1283 3129 1563 3203 felicem
1584 3181 1607 3217 ,
1668 3128 1799 3224 qui
1836 3131 1932 3203 sic
1970 3131 2101 3201 ali-

171 3265 396 3334 quem
443 3239 671 3311 vereri
707 3255 944 3333 potest
966 3291 990 3325 ,
1057 3258 1142 3313 ut
1175 3239 1274 3311 ad
1327 3240 1744 3314 memoriam
1797 3264 2101 3336 quoque
2222 3308 2237 3317 .

171 3353 316 3422 eius
327 3376 420 3457 'se
440 3368 862 3445 componat,
885 3366 1107 3444 atque
1139 3350 1463 3432 ordinet!
1492 3352 1757 3459 Quisic
1774 3352 2097 3443 aliquem
2142 3372 2147 3381 ·

173 3465 397 3537 vereri
417 3480 658 3559 potest
677 3515 702 3552 ,
737 3463 887 3535 cito
911 3464 1046 3535 erit
1072 3465 1446 3536 verendus.
1482 3454 1681 3565 Elige
1704 3467 1951 3558 itaque
1966 3462 2101 3534 Ca·

173 3591 424 3648 tonem
443 3604 464 3647 ε
497 3578 554 3647 si
580 3576 695 3647 hic
717 3576 852 3648 tibi
877 3577 1170 3650 videtur
1193 3577 1402 3649 nimis
1430 3578 1697 3675 rigidus
1714 3628 1736 3666 ,
1780 3574 1963 3674 elige
1983 3600 2098 3648 re-

171 3690 498 3763 missioris
519 3689 744 3775 animi
763 3689 996 3761 virum
1019 3689 1380 3773 Laelium;
1428 3688 1609 3786 elige
1628 3710 1799 3761 eum
1826 3737 1851 3774 ,
1892 3686 2094 3758 cuius

172 3802 304 3877 tibi
335 3805 610 3899 placuit
641 3818 716 3875 et
737 3802 882 3876 vita
908 3818 982 3874 et
1007 3802 1233 3881 oratio
1267 3815 1340 3871 et
1365 3797 1518 3893 ipse
1566 3796 1889 3871 animum
1924 3814 2093 3871 ante
