2809 4850
1280 101 1329 130 x,

362 369 531 454 El?
578 369 615 446 1
663 367 713 442 S
763 371 835 444 T
882 372 958 446 Ο
1006 372 1069 446 L
1115 369 1182 446 A
1264 374 1782 454 LXXXIII.
1904 405 2046 483 3¹9

122 532 351 624 modo
390 533 526 607 feci
560 537 1007 610 mentionem
1032 589 1056 627 ,
1099 555 1213 611 tot
1244 531 1538 630 itinera,
1587 558 1704 614 tot
1746 546 2002 636 praelia
2021 595 2054 636 ,.

118 658 233 716 tot
262 643 531 716 hiemes
553 695 578 734 ,
613 669 743 739 per
770 669 989 739 quaa,
1021 646 1205 718 victa
1236 662 1653 742 tempor-um
1679 651 2048 726 locorum·
2147 689 2160 710 ι

123 775 269 844 que
298 752 755 840 difficultate,
786 757 1144 828 transierat
1166 806 1191 845 ‚
1231 773 1344 828 tot
1369 755 1672 832 flumina
1717 777 1809 834 ‘ex
1845 761 2049 860 igno·

121 877 199 934 to
220 863 549 937 cadentia
564 917 587 953 ‚
609 882 723 940 tot
750 866 963 940 maria
982 919 1006 956 ‚
1026 882 1277 939 tutum
1296 867 1758 956 dimiserunt;
1783 869 2048 943 intem·
2083 919 2092 930 ·

118 973 442 1073 perantia¹
482 971 841 1063 bibendi,
890 991 967 1046 et
1005 975 1127 1047 ille
1178 974 1671 1049 Herculaneus
1710 1001 1792 1050 ac
1825 976 2047 1052 fatalis

117 1082 429 1176 scypho·
467 1082 813 1155 condidit.
871 1085 1081 1190 Quae
1120 1085 1339 1182 gloria
1376 1101 1521 1174 est,
1568 1109 1822 1180 capere
1858 1090 2046 1160 mul·

119 1205 273 1261 tum
294 1191 329 1260 ?
382 1191 636 1296 Quum
665 1215 886 1287 penes
911 1210 984 1264 te
1017 1195 1256 1286 palma
1298 1193 1556 1282 fuerit,
1607 1211 1682 1268 et
1713 1198 2049 1292 propina-

120 1317 349 1373 tiones
383 1319 536 1374 tuas
576 1303 769 1372 strati
798 1325 1055 1372 somno
1102 1325 1182 1373 ac
1206 1303 1642 1375 vomitantes
1684 1327 2049 1378 recusave-

116 1414 293 1500 rint3
340 1438 575 1508 quum
602 1431 951 1508 superstes
973 1414 1111 1486 toti
1140 1413 1484 1486 convivio
1523 1414 1774 1502 fueris3
1805 1439 2046 1510 quum

118 1547 370 1596 omnes
394 1524 640 1596 viceris
662 1525 928 1596 virtute
958 1519 1331 1621 magnifica
1353 1577 1374 1612 ‚
1409 1541 1484 1596 et
1518 1547 1738 1595 nemo
1767 1540 1914 1596 tam
1937 1528 2046 1598 vi-

119 1631 191 1700 ni
224 1653 453 1724 capax
490 1629 749 1725 fueritq
789 1630 1151 1706 vincerisa
1186 1630 1413 1704 dolio.
1460 1629 1566 1702 M.
1589 1630 2041 1723 Antonium,
2129 1637 2136 1640 ’

119 1727 465 1836 magnum
510 1738 743 1812 virum
788 1754 862 1810 et
902 1737 1166 1836 ingenii
1198 1737 1497 1825 nobilis,
1549 1763 1738 1832 quae
1771 1740 1906 1812 alia
1937 1763 2047 1815 rea
2081 1801 2088 1810 .

116 1849 437 1945 perdidit
461 1847 628 1921 etin
656 1865 1239 1927 externosxmores
1260 1872 1339 1922 ac
1357 1850 1526 1921 vitia
1549 1870 1704 1920 non
1717 1849 2046 1926 Romana

116 1957 529 2050 transiecit,
556 1983 777 2055 quam
816 1961 1149 2048 ebrietas,
1177 1983 1313 2031 nec
1349 1958 1590 2031 minor
1629 1959 1801 2031 vino
1828 1960 2044 2032 Cleo-

116 2087 355 2163 patrae
382 2070 629 2142 amor?
660 2065 859 2141 Haec
887 2069 1095 2140 illum
1122 2092 1231 2140 res
1263 2069 1546 2165 hostem
1569 2067 2049 2163 reipublicae,

116 2177 281 2248 haec
305 2177 638 2248 hostibus
669 2175 809 2247 suis
838 2176 1158 2270 inparem
1189 2173 1540 2262 reddidit3
1582 2173 1755 2245 haec
1786 2173 2046 2253 crude-

120 2288 257 2359 lem
290 2289 500 2377 fecit,
542 2313 777 2382 quum
820 2289 1051 2383 capita
1090 2286 1501 2382 principum
1536 2285 1831 2358 civitatis
1871 2311 2042 2369 coe-

120 2397 307 2471 nanti
326 2395 787 2486 referrentur3
824 2421 1056 2493 quum
1078 2391 1265 2469 inter
1292 2393 1840 2491 adparatissimas
1867 2418 2044 2489 epu-

123 2509 210 2580 las
233 2510 593 2603 luxusque
620 2512 883 2607 regales
922 2532 1041 2579 ora
1076 2529 1159 2577 ac
1193 2514 1450 2578 manus
1475 2506 2044 2601 proscriptorum

122 2635 680 2717 recognoscerem,
726 2626 975 2710 quum
1002 2618 1177 2687 vino
1216 2615 1477 2712 gravis,
1524 2616 1748 2687 sitiret
1793 2634 2039 2691 tamen

123 2732 551 2826 sanguinem.
570 2726 1031 2799 Intolerabile
1057 2739 1237 2813 erat,
1274 2723 1479 2817 quod
1505 2723 1744 2796 ebrius
1777 2724 2042 2813 fiebat3

124 2861 397 2933 quanto
422 2837 973 2925 intolerabilius,
1017 2834 1223 2927 quod
1250 2835 1426 2905 haec
1452 2835 1526 2903 in
1553 2837 1699 2928 ipsa
1733 2836 2038 2909 ebrieta-

122 2966 189 3023 te
222 2949 582 3025 faciebat?
624 2950 801 3021 Fere
848 2944 1319 3019 vinolentiam
1373 2941 1753 3015 crudelitas
1799 2946 2042 3039 sequi·

124 3077 267 3135 tur.
310 3033 621 3134 violatur
670 3059 867 3131 enirn
917 3070 1540 3148 exasperaturque
1537 3054 1798 3123 sanitas
1839 3078 2042 3125 men-

122 3170 218 3241 tis.
260 3165 910 3277 Quemadmodum
940 3159 1253 3235 difficiles
1291 3155 1564 3231 faciunt
1591 3163 1842 3233 oculos
1874 3161 2038 3235 diu-

124 3283 247 3355 tini
269 3284 557 3372 morbi,
599 3280 814 3353 etiam
858 3276 951 3349 ad
992 3276 1368 3349 minimam
1400 3274 1584 3346 radii
1617 3276 1780 3347 solis
1805 3275 2038 3349 offen·

124 3392 426 3482 sione-1113
460 3393 560 3466 ita
591 3390 957 3465 ebrietates
988 3385 1374 3462 continuae
1410 3386 1702 3458 efferant
1733 3386 2032 3463 animos·

123 3500 303 3575 Nam
328 3526 563 3597 quum
592 3523 800 3593 saepe
824 3497 1021 3593 apud
1060 3516 1133 3567 se
1158 3517 1313 3565 non
1336 3496 1479 3565 sint
1496 3544 1520 3582 ,
1561 3492 2036 3599 eonsuetudi-

124 3632 213 3682 ne
232 3613 535 3687 insaniae
552 3612 806 3685 durata
830 3609 1000 3682 vitia
1018 3658 1043 3699 ,
1073 3608 1247 3681 vino
1276 3621 1665 3745 concepta,
1692 3606 1910 3679 etiam
1939 3597 2034 3679 si-
2063 3660 2086 3675 ,

124 3739 215 3790 ne
236 3721 359 3792 illo
383 3724 643 3795 valent.

212 3828 348 3906 Dic
374 3856 543 3937 ergo
560 3882 585 3927 ‚
612 3837 833 3928 quare
853 3828 1147 3929 Saprem
1168 3840 1324 3903 non
1350 3824 1615 3902 debeat
1639 3825 1881 3906 ebrius
1902 3826 2032 3903 fle-
2123 3861 2147 3937 j
