2809 4850
710 311 1790 394 EPISTOLAXL.
2076 337 2218 422 119'
2321 263 2328 274 ·

281 492 369 554 et
398 490 637 576 urget3
662 477 870 572 plura
901 474 1095 548 enim
1130 475 1470 564 veniunt,
1511 497 1732 569 quam
1769 473 2038 568 quibus
2064 500 2210 550 una

280 613 437 662 vox
452 585 776 660 sufficiat.
796 582 961 658 Hoc
978 607 1131 658 non
1150 583 1385 678 probo
1411 585 1486 653 in
1504 583 1978 678 philosoph03
2001 587 2208 660 'cuius

209 689 219 694 “
272 693 787 792 pronuntiatio
807 715 1151 788 quoque,
1180 693 1360 764 sicut
1383 692 1529 763 vita
1544 741 1568 778 ‚
1611 690 1830 766 debet
1855 705 1998 765 ess‘e
2019 719 2201 766 con·

278 803 553 898 positae
590 802 771 874 nihil
802 797 1046 874 autern
1073 797 1486 873 ordinatum
1527 815 1672 888 est,
1712 799 1912 896 quod
1939 801 2208 896 praeci-
2325 857 2337 864 .

274 916 553 1010 pitatur
594 931 669 986 et
705 907 1062 1010 properat.
1113 915 1371 1007 Itaque
1401 913 1628 986 oratio
1669 915 1786 984 illa
1820 913 2019 1010 apud
2047 915 2210 989 Ho-

277 1043 569 1098 merum
614 1025 963 1098 concitata
986 1075 1011 1113 ‚
1064 1041 1136 1096 et
1184 1023 1333 1096 sine
1366 1024 1885 1097 intermissione
1929 1027 2004 1096 in
2041 1050 2208 1098 mo-

274 1157 431 1207 rem
459 1135 643 1205 nivis
664 1133 1209 1228 superveniens,
1244 1133 1504 1206 oratori
1547 1133 1709 1207 data
1733 1150 1878 1219 est3
1918 1135 2096 1208 lenis
2131 1151 2208 1208 et

274 1247 497 1317 melle
514 1244 795 1318 dulcior
814 1246 963 1318 seni
986 1243 1304 1340 profluit.
1342 1241 1458 1316 Sic
1475 1244 1720 1339 itaque
1743 1246 1931 1318 habe
1947 1301 1974 1338 ‚
2000 1247 2207 1322 istam

278 1355 431 1426 vim
464 1354 759 1426 dicendi
796 1355 1115 1450 rapidam
1159 1372 1376 1447 atque
1423 1355 1916 1431 abundantem
1970 1359 2218 1452 aptio-⁴

276 1487 431 1536 rem
461 1487 607 1536 esse
628 1463 1039 1552 circulanti,
1068 1465 1291 1558 quani
1320 1465 1557 1562 agenti
1583 1489 1736 1543 rem
1771 1487 2100 1564 magnam
2121 1489 2212 1544 ac.

276 1574 525 1646 seriam
548 1625 573 1662 ‚
598 1573 1063 1670 docentique.
1123 1571 1380 1666 Aeque
1434 1573 1697 1646 stillare
1735 1577 1932 1648 illam
1977 1579 2198 1670 110103

279 1687 504 1776 quem
550 1703 869 1765 currere:
910 1707 1053 1764 nec
1094 1681 1439 1754 extendat
1479 1707 1715 1774 aures,
1761 1707 1898 1758 nec
1925 1688 2202 1760 obruat.

279 1791 467 1864 Nam
492 1793 626 1864 illa
665 1818 967 1888 quoque
1011 1794 1257 1889 inopia
1286 1809 1362 1864 et
1395 1793 1666 1867 exilitas
1691 1795 1932 1868 minus
1963 1796 2234 1868 intens-

274 1916 442 1973 tum
480 1902 884 1975 auditorem
926 1903 1188 1989 habet,
1233 1901 1478 1977 taedio
1519 1903 1956 1998 interruptae
1983 1904 2204 1976 tardi-

272 2008 477 2084 tatis=
534 2009 803 2080 facilius
857 2025 1103 2078 tamen
1145 2005 1389 2078 insidit
1440 2006 1647 2101 quod
1709 2019 2200 2103 exspectatur,

276 2141 501 2212 quam
528 2118 735 2212 quod
758 2117 1251 2213 praetervolat.
1291 2116 1632 2211 Denique
1665 2119 1942 2192 tradere
1963 2118 2204 2192 homi-

271 2249 401 2300 nes
433 2224 795 2322 discipulis
822 2241 1201 2320 praecepta
1238 2222 1617 2298 dicunture
1669 2249 1826 2298 non
1849 2227 2199 2314 auditur,

268 2333 484 2429 quod
524 2333 732 2431 fugit.
781 2329 1034 2407 Adiice
1078 2355 1319 2421 nunc,
1372 2333 1620 2428 quod,
1679 2358 1868 2434 quae
1919 2335 2200 2407 veritati

272 2466 569 2536 operam
596 2440 723 2511 dat
741 2438 967 2511 oratio
982 2489 1007 2527 ,
1028 2439 1478 2533 inconposita
1505 2439 1725 2513 debet
1753 2442 1896 2515 esse
1935 2458 2012 2516 et
2031 2443 2199 2515 sirn-

266 2554 447 2646 plex
465 2579 482 2624 =
512 2552 685 2623 haec
702 2549 1065 2645 popularis
1077 2549 1257 2619 nihil
1273 2548 1497 2621 habet
1510 2550 1656 2625 veti
1673 2577 1696 2639 3
1727 2562 2022 2629 movere
2035 2553 2198 2624 vult

268 2662 599 2745 turbam,
636 2678 709 2731 et
742 2659 1172 2731 inconsultas
1200 2681 1397 2729 aures
1424 2658 1708 2753 impetu
1737 2684 2020 2755 rapere3
2056 2670 2202 2737 traa-

272 2766 613 2839 ctandam
638 2790 712 2839 se
734 2786 889 2840 non
908 2762 1245 2858 praebetj
1274 2764 1610 2837 aufertur.
1641 2766 2053 2871 Quomodo
2077 2788 2200 2839 au«.-

276 2894 427 2949 tem
456 2898 699 2975 regere
730 2888 1007 2970 potest,
1037 2896 1225 2969 quae
1254 2874 1403 2968 regi
1430 2896 1582 2946 non
1612 2876 1903 2967 potest?
1941 2876 2204 2981 Quid,

270 2986 480 3079 quod
516 2986 689 3058 haec
722 2986 988 3074 oratio«,
1019 3010 1213 3079 quae
1231 2982 1558 3057 sanandis
1598 2981 1962 3055 mentibus
1989 2984 2199 3057 adhi-

275 3096 543 3187 betur,
576 3096 1006 3181 descendere
1048 3098 1125 3167 in
1176 3119 1309 3168 nos
1353 3095 1628 3167 debet?
1679 3094 1995 3167 remedia
2037 3116 2195 3169 non

274 3226 581 3299 prosunt
597 3256 621 3294 ,
646 3205 777 3276 nisi
796 3206 1298 3277 immorentur.
1335 3205 1662 3279 Multum
1687 3218 2055 3301 praeterea·
2075 3202 2200 3274 ha-

274 3316 403 3387 bet
424 3315 782 3387 inanitatis
809 3332 882 3387 et
899 3316 1063 3387 vani
1076 3319 1299 3413 pplus
1326 3334 1564 3404 sonat,
1594 3338 1814 3410 quam
1837 3315 2044 3389 valet.
2065 3312 2200 3409 Le-

277 3424 541 3497 nienda
588 3438 759 3500 sunt
818 3449 1005 3517 quae
1051 3450 1171 3497 me
1221 3432 1627 3513 exterrent3
1675 3419 2195 3517 compescenda
2233 3452 2252 3461 ⁶
2303 3428 2366 3445 ‘⁸

275 3556 463 3627 quae
488 3536 783 3607 inritant
798 3586 819 3622 ‚
850 3533 1291 3607 discutienda
1315 3520 1502 3627 qu’ae
1529 3534 1828 3616 fallunt3
1855 3530 2196 3607 inhibens·

278 3642 366 3711 da
389 3643 669 3715 luxuria
688 3695 709 3731 ‚
732 3643 1197 3737 conripienda
1220 3644 1532 3716 avaritia.‘
1553 3641 1764 3747 Quid
1790 3643 2054 3731 hortun
2073 3664 2190 3739 ra?
2304 3689 2309 3693 -

276 3750 465 3843 ptim
509 3767 751 3847 potest
790 3748 987 3823 fieri?
1028 3749 1191 3847 quis
1212 3748 1537 3822 medicus
1571 3747 1650 3819 in
1674 3745 1969 3821 transitu
1992 3756 2192 3827 emt
