2809 4850
671 415 812 494 ²34
1053 387 1136 464 L.
1181 381 1634 462 ΑΝΝΑΕι
1678 377 2195 458 SENECAE

665 558 744 628 in
781 569 1104 650 tempore
1118 604 1144 643 ,
1191 573 1471 624 necesse
1504 563 1609 620 est
1652 547 1971 634 evenire,
2006 561 2094 618 ut
2138 543 2231 618 de
2274 546 2593 640 quibus-

669 665 836 738 dam
881 664 1092 737 rebus
1127 678 1310 734 tunc
1335 659 1433 731 ad
1464 675 1539 730 te
1566 656 1957 752 perferatur
1992 655 2339 728 sententia
2380 677 2589 740 mea,

667 801 900 871 quum
934 778 1074 847 iam
1113 771 1459 846 contraria
1482 771 1727 864 potior
1756 785 1875 841 est.
1902 766 2209 839 Consilia
2234 766 2438 838 enim
2465 791 2591 836 re-

665 887 798 958 bus
829 898 1204 978 aptantur:
1247 905 1356 952 res
1394 897 1677 954 nostrae
1720 875 2377 961 feruntur‚''immo
2422 874 2593 946 vol·

661 1011 960 1067 vuntur.
1005 993 1188 1092 Ergo
1225 992 1605 1064 eonsilium
1638 988 1775 1060 sub
1814 987 1935 1058 die
1972 983 2155 1057 nasci
2193 982 2461 1055 debet:
2508 995 2591 1052 e't

667 1107 812 1176 hoe
835 1126 1140 1197 quoque
1181 1086 1469 1172 tardani
1506 1119 1608 1172 est
1634 1099 1873 1178 nimisz
1916 1097 2055 1171 sub
2084 1118 2345 1181 manu,
2378 1089 2595 1185 quod

665 1215 904 1300 aiunt,
926 1213 1283 1284 nascatur!
1317 1207 1973 1315 Quemadmodum
1988 1223 2233 1280 autem
2266 1201 2591 1275 invenia-

669 1339 824 1408 tur,
869 1318 1266 1395 os‘tendam.
1301 1319 1711 1422 Quotiens,
1758 1318 1939 1412 quid
1985 1309 2423 1414 fugiendum
2458 1310 2593 1397 sit,

669 1449 798 1500 aut
816 1429 997 1523 quid
1031 1428 1460 1524 petendum,
1486 1432 1683 1500 voles
1702 1430 1909 1516 scire3
1936 1427 2030 1499 ad
2054 1447 2427 1498 summum
2450 1421 2596 1493 Bo-

669 1559 854 1606 num
877 1551 952 1606 et
977 1537 1423 1630 propositum
1457 1536 1677 1614 totius
1704 1536 1889 1608 vitae
1918 1553 2084 1607 tuae
2126 1531 2430 1628 respice!
2486 1531 2597 1602 illi

673 1643 870 1714 enim
889 1645 1288 1716 consentire
1311 1644 1532 1716 debet
1546 1643 1907 1737 quidquid
1926 1644 2215 1742 agimus.
2257 1641 2435 1748 §on
2462 1639 2600 1710 die·

673 1768 904 1846 ponet
921 1751 1233 1851 singula,
1261 1752 1393 1822 nisi
1422 1751 1539 1825 cui
1566 1754 1703 1823 iam
1729 1753 1913 1825 vitae
1934 1777 2101 1830 suae
2119 1773 2405 1822 summa
2424 1771 2597 1842 pro-

673 1864 904 1960 posita
931 1880 1053 1934 est.
1090 1863 1329 1934 Nemo
1349 1914 1373 1951 ,
1418 1862 1743 1956 quamvis
1780 1879 2053 1956 paratos
2094 1861 2355 1932 habeat
2392 1858 2596 1928 colo-

673 1997 826 2059 res,
851 1971 1394 2044 similitudinem
1418 1970 1715 2059 reddet,
1748 1971 1881 2042 nisi
1916 1971 2059 2041 iam
2087 1983 2368 2040 constet
2408 1963 2597 2059 quid

675 2084 850 2154 velit
881 2083 1188 2180 pingere.
1241 2082 1421 2153 Ideo
1447 2079 1864 2178 peccamus,
1910 2079 2079 2174 quia
2126 2079 2219 2150 de
2260 2076 2597 2172 partibus

677 2193 862 2264 vitae
902 2217 1148 2264 omnes
1191 2190 1697 2278 deliberamus,
1750 2188 1845 2260 de
1878 2205 2031 2261 tota
2068 2203 2288 2260 nemo
2316 2185 2599 2258 delibe-

679 2319 806 2373 rat.
834 2301 1022 2374 Scire
1049 2302 1270 2376 debet
1295 2301 1477 2394 quid
1518 2315 1715 2400 petat
1742 2301 1895 2385 ille,
1931 2299 2060 2393 qui
2086 2298 2409 2394 sagittam
2435 2295 2599 2368 vult

679 2410 1008 2498 mittere3
1052 2426 1126 2483 et
1165 2426 1344 2481 tunc
1373 2407 1671 2507 dirigete
1710 2434 1793 2482 ac
1831 2405 2182 2481 moderari
2230 2429 2455 2477 manu
2484 2421 2600 2475 te-

679 2522 860 2593 lum.
927 2520 1174 2591 Extant
1229 2518 1512 2590 consilia
1560 2536 1795 2591 nostra
1819 2564 1843 2608 5
1903 2520 2073 2613 quia
2118 2541 2270 2591 non
2328 2517 2598 2589 habent

683 2620 838 2717 quo
887 2623 1292 2723 dirigantut.
1357 2624 1723 2723 Ignoranti
1768 2652 1997 2720 quem
2046 2641 2343 2721 portum
2399 2640 2599 2719 petat

681 2734 926 2805 nullus
945 2758 1112 2807 suus
1137 2750 1396 2807 ventus
1434 2750 1555 2807 est.
1584 2736 1885 2809 Necesse
1918 2750 2023 2807 est
2046 2737 2371 2807 multum
2395 2736 2473 2807 in
2493 2736 2599 2807 vi·
2661 2778 2669 2788 ³

677 2860 757 2913 =ta
778 2858 1015 2915 nostra
1033 2866 1226 2915 casus
1246 2842 1465 2939 possit
1480 2894 1505 2931 ‚
1534 2843 1701 2938 quia
1724 2844 2029 2917 viximus
2052 2868 2234 2915 casu.
2268 2844 2601 2951 Quibus-

686 2950 856 3024 dam
900 2969 1144 3025 autem
1186 2954 1471 3043 evenit,
1517 2970 1645 3045 ut,
1696 2954 2051 3048 quaedam
2096 2942 2269 3031 scire
2313 2980 2430 3044 se,
2468 2979 2601 3027 ne-

687 3063 927 3136 sciant.
1003 3062 1659 3167 Quemadmodum
1709 3065 2115 3158 quaerimus
2164 3088 2373 3159 saepe
2422 3088 2541 3137 eos
2571 3113 2601 3153 ,

685 3192 858 3241 cum
887 3170 1156 3263 quibus
1173 3187 1477 3257 etamu33
1517 3172 1613 3243 ita
1634 3172 2069 3265 plerumque
2096 3172 2315 3243 finem
2329 3172 2603 3269 summi

688 3275 873 3349 Boni
913 3278 1319 3375 ignoramus
1353 3281 1789 3377 adpositum.
1846 3280 2001 3350 Nec
2038 3280 2301 3351 multis·
2321 3280 2599 3370 verbis,

694 3410 831 3458 nec
865 3387 1165 3459 circuitu
1193 3390 1457 3486 longo,
1500 3387 1705 3481 quod
1744 3390 1831 3461 sit
1864 3412 2230 3463 summum
2270 3388 2601 3478 Bonum,

691 3492 1014 3593 collig3183
1064 3491 1330 3591 digito,
1371 3512 1457 3567 ut
1492 3496 1589 3565 ita
1632 3494 1901 3583 dicam,
1956 3495 2601 3572 demonstrandum

695 3620 800 3675 est
818 3654 842 3690 ‚
867 3628 1005 3677 nec
1023 3604 1099 3687 in,
1124 3608 1352 3677 multa
1371 3604 1868 3703 spargendum.
1886 3607 2091 3713 Quid
2118 3610 2311 3681 enim
2328 3608 2423 3679 ad
2444 3632 2601 3683 rem

697 3710 1007 3799 pertinet
1022 3766 1045 3800 ‚
1069 3714 1142 3786 in
1166 3715 1535 3807 particulas
1558 3714 1739 3788 illud
1765 3714 2153 3789 diducere?
2184 3742 2418 3811 quum
2443 3740 2602 3813 pos·-

699 3814 784 3886 nis
811 3816 1075 3892 dicere:
1105 3823 1439 3898 Summum
1466 3824 1723 3897 Bonum
1744 3843 1877 3902 est.
1902 3826 2074 3923 quod
2092 3822 2603 3922 honestum—est,-
