2809 4850
458 419 523 496 E
569 423 626 495 P
673 421 712 494 1
760 379 931 497 ετ
976 421 1161 509 OL
1209 421 1277 495 A
1360 379 1876 502 Lxxx1x'
1983 379 2172 526 3719

194 609 517 682 quorum
556 583 922 682 profunda
948 599 1025 656 et
1056 584 1462 660 insatiabilis
1503 585 1666 685 gula
1701 586 1872 658 hinc
1911 585 2131 659 maria

190 713 546 772 scrutatur
566 695 774 784 ,hinc
798 709 1031 766 terras.
1054 691 1213 766 Alia
1237 693 1462 766 hamis
1479 746 1501 783 ,
1517 697 1646 766 alia
1662 694 1935 790 laqueis
1951 747 1972 786 ,
1995 696 2129 768 alia

190 795 460 878 retium
487 805 697 882 variis·
712 805 1091 904 generibus
1128 827 1299 876 cum
1336 829 1600 903 magno
1626 807 1876 880 labote
1897 830 2130 906 perse·

194 914 487 1010 quitum
532 916 747 988 nullis
790 913 1261 1002 animalibus,
1298 915 1432 986 nisi
1472 939 1566 986 ex
1609 915 1889 987 fastidio
1913 964 1937 1005 ,
1983 939 2129 1011 pax

196 1047 325 1098 est.
377 1028 844 1132 Quantulum
888 1025 1085 1098 enim
1117 1049 1212 1100 ex
1253 1027 1399 1100 istis
1443 1028 1714 1121 epulis,
1765 1051 1954 1122 quae
1997 1051 2129 1124 per
2235 1036 2242 1040 '

188 1153 313 1208 tot
331 1139 749 1233 comparatis
774 1161 1051 1226 manus,
1082 1135 1266 1209 fesso
1290 1137 1786 1232 voluptatibus
1806 1161 1929 1210 ore
1951 1136 2130 1209 liba-

188 1248 335 1320 tis?
358 1249 793 1342 quantulum
818 1271 911 1318 ex
942 1246 1069 1320 ista
1096 1245 1239 1319 fera
1254 1299 1279 1340 ,
1304 1251 1698 1342 periculose
1724 1265 1969 1357 capta?
1991 1246 2132 1320 do-

190 1358 441 1429 minus
458 1357 721 1431 crudus
745 1381 826 1429 ac
866 1357 1191 1428 nausians
1228 1359 1516 1456 gustat?
1571 1359 2007 1454 quantulum
2033 1383 2129 1433 ex

180 1482 316 1540 -tot
333 1468 723 1563 conchyliis
744 1519 765 1554 ,
796 1483 945 1538 tam
964 1468 1181 1564 longe
1200 1467 1516 1539 advectis
1533 1521 1554 1558 ,
1583 1493 1713 1562 per
1737 1471 1953 1540 istum
1983 1485 2128 1540 sto·

192 1579 541 1651 maehum
587 1577 1097 1670 inexplebilem
1146 1577 1466 1650 labitur?
1513 1578 1836 1652 Infelices
1867 1580 2128 1668 etiam,

196 1684 408 1781 quod
436 1709 588 1758 non
618 1686 1046 1782 intelligitis,
1079 1687 1432 1775 maiorem
1458 1711 1586 1760 vos
1615 1687 1877 1762 famem
1905 1687 2128 1758 habe-
2181 1779 2190 1788 ·

195 1821 316 1885 re,
350 1821 570 1890 quam
594 1801 1017 1869 ·ventrem.“
1068 1799 1140 1848 -'-
1176 1795 1373 1868 Haec
1411 1796 1557 1868 aliis
1591 1794 1749 1883 dic,
1791 1811 1912 1883 ut,
1943 1795 2130 1868 dum

198 1905 379 1978 dicis
400 1957 421 1995 ,
452 1905 691 1978 audias
716 1905 897 1998 ipse3
930 1902 1155 1974 scribe
1174 1955 1196 1992 ,
1224 1921 1351 1992 ut,
1373 1905 1554 1976 dum
1589 1893 1865 1991 scribie,
1900 1905 2125 2000 legas;

194 2017 446 2088 omnia
489 2016 581 2086 ad
608 2039 839 2086 mores
863 2065 885 2100 ,
933 2030 1005 2084 et
1046 2013 1139 2084 ad
1178 2014 1563 2087 sedandam
1608 2012 1876 2085 rabiem
1924 2011 2128 2084 adfe-

193 2143 455 2198 ctuum
474 2125 809 2218 referens.»
826 2121 1055 2194 Stude
1075 2174 1100 2213 ,
1138 2141 1221 2196 ut
1247 2149 1398 2196 non
1424 2125 1590 2222 plus
1613 2119 1892 2218 aliquid
1919 2121 2123 2210 scias,

190 2233 322 2304 sed
360 2249 445 2308 ut
462 2233 735 2306 melius.
766 2232 971 2308 Vale.
1659 2221 1662 2226 ’
