2809 4850
727 407 874 464 220
1080 377 1168 456 1..
1212 375 1689 453 ANNAEI
1744 325 2313 492 SENECAE

720 549 796 615 in
819 545 1098 618 medios
1115 543 1352 618 hostes
1377 543 1735 616 concitato
1756 562 1991 635 equo,
2020 554 2337 612 mortem
2362 553 2651 634 petens,

715 658 962 728 inruit.
1003 655 1206 729 Alter
1229 672 1392 750 post
1430 656 1625 735 huuc
1650 706 1673 744 ,
1722 671 2056 748 paternae
2084 653 2363 725 virtutis
2394 675 2653 722 aemu-

717 769 826 838 lus
843 816 866 854 ,
892 766 1257 860 conceptis
1277 763 1721 838 solemnibus,
1740 786 1822 834 ac
1844 765 1990 832 iam
2007 759 2475 834 familiaribus
2498 779 2653 828 veta

717 875 826 948 bis
846 925 868 962 ,
893 876 970 946 in
997 877 1220 946 aciem
1247 874 1825 970 confertissimam
1844 873 2179 960 incurrit,
2214 873 2321 942 de·
2342 870 2493 939 hoc
2512 869 2653 942 sol·-

713 982 952 1053 licitus
977 999 1258 1052 tantum
1278 1032 1300 1068 ,
1331 1000 1415 1051 ut
1448 979 1715 1065 litaret3
1768 980 2163 1072 optabilem
2202 1003 2363 1050 rem
2384 993 2655 1070 putans

720 1086 992 1160 bonam
1020 1109 1353 1172 mortem.
1381 1089 1687 1161 Dubitas
1712 1112 1880 1186 ergo
1900 1139 1923 1176 ,
1966 1113 2063 1160 an
2106 1091 2501 1184 optimum·
2518 1085 2653 1170 sit,

717 1198 1260 1270 memorabilem
1291 1199 1515 1287 mori,
1544 1216 1617 1270 et
1638 1199 1715 1269 in
1738 1201 2226 1292 aliquoopere
2254 1194 2569 1272 Virtutis
2588 1194 2623 1262 ἓ

815 1309 1074 1415 Quum
1117 1307 1370 1403 aliquis
1410 1323 1771 1381 tormenta
1808 1307 2085 1379 fortiter
2125 1308 2395 1402 patitur
2412 1357 2439 1395 ,
2484 1324 2654 1374 om-

716 1416 941 1490 nibus
977 1419 1358 1490 virtutibus
1400 1417 1645 1490 utitur.
1693 1419 2005 1490 Fortasse
2046 1441 2187 1489 una
2229 1418 2313 1488 in
2343 1435 2650 1512 promtu
2754 1491 2763 1512 ι

715 1529 806 1598 sit
824 1577 847 1615 ,
876 1545 952 1599 et
975 1529 1290 1600 maxime
1313 1528 1683 1622 adpareat,
1721 1529 2102 1622 patientia:
2136 1545 2479 1600 ceterum
2506 1526 2649 1597 illic

719 1643 826 1710 est
863 1634 1250 1720 fortitud03
1291 1637 1495 1710 cuius
1534 1636 1877 1729 patientia
1910 1653 1989 1706 et
2020 1634 2380 1730 perpessio
2422 1653 2501 1706 et
2532 1649 2649 1704 to·-

717 1744 1012 1816 lerantia
1053 1745 1228 1816 rami
1271 1761 1481 1816 sunt:
1523 1739 1799 1817 illices}
1836 1745 2260 1840 prudentia3
2307 1746 2469 1820 sine
2494 1769 2641 1836 qua

718 1853 1008 1924 nullum
1029 1853 1651 1928 initui-consilium
1674 1905 1699 1945 ,
1736 1881 1927 1949 quae
1952 1856 2203 1942 suadet
2223 1906 2246 1943 ,
2292 1853 2507 1950 quod
2530 1853 2643 1925 ef·-

719 1958 964 2058 fugere
991 1985 1146 2034 non
1167 1965 1382 2057 possis
1403 2013 1427 2050 ,
1460 1988 1681 2056 quam
1718 1963 2087 2036 fortissime
2119 1961 2339 2034 ferre:
2374 1963 2525 2037 illic
2548 1979 2643 2032 est

717 2071 1144 2157 constantiam
1191 2095 1378 2165 quae
1418 2071 1625 2142 deiici
1664 2074 1824 2144 loco
1856 2095 2007 2144 non
2042 2089 2281 2165 penest
2302 2124 2327 2160 ‚
2348 2115 2355 2122 ·
2380 2086 2459 2143 et
2484 2095 2643 2164 pro·

720 2183 1040 2272 positum
1059 2183 1260 2252 nulla
1284 2181 1358 2252 vi
1383 2197 1865 2275 extorquente
1888 2183 2219 2258 dimittit.
2246 2182 2399 2254 illic
2412 2197 2519 2252 est
2541 2180 2643 2249 in-

617 2373 620 2376 *
721 2287 1064 2362 dividuus
1087 2289 1208 2361 ille
1235 2291 1619 2370 comitatus
1639 2292 2027 2364 virtutum.
2076 2291 2471 2413 Quidquid
2512 2291 2641 2360 ho·-

721 2410 920 2469 neste
947 2397 1070 2486 fit,
1100 2421 1242 2469 una
1268 2389 1508 2477 νίὲωε
1534 2397 1745 2487 facit,
1772 2402 1898 2473 sed
1932 2428 2025 2475 ex
2058 2400 2334 2475 consilii
2356 2417 2639 2475 senten-

719 2504 850 2588 tia3
891 2506 1098 2597 quod
1128 2523 1370 2591 autem
1395 2507 1489 2578 ab
1522 2509 1863 2581 omnibus
1886 2506 2273 2585 virtutibus
2303 2534 2637 2605 compro-

699 2610 970 2698 -batut,
1001 2614 1214 2685 etiam
1235 2616 1294 2687 si
1309 2614 1402 2687 ab
1430 2640 1575 2689 una
1595 2616 1749 2689 fieri
1768 2619 2085 2710 videtur,
2124 2620 2447 2714 optabile
2470 2636 2585 2689 est.

689 2732 708 2757 '
805 2721 1076 2824 Quid?
1116 2741 1204 2796 tu
1229 2726 1595 2800 existimas.
1626 2752 1707 2799 ea
1744 2744 2029 2803 tantum
2066 2732 2409 2827 optabilia
2456 2750 2631 2809 esses

719 2855 908 2925 quae
929 2858 1058 2927 per
1081 2836 1536 2929 voluptatem
1563 2856 1635 2911 et
1656 2840 1892 2913 otium
1918 2842 2264 2913 veniunt?
2291 2866 2481 2935 quae
2520 2867 2633 2915 ex·

719 2944 1091 3038 cipiuntut·
1113 2946 1406 3020 foribus
1412 2953 1721 3023 ornatis?
1751 2953 1871 3025 Est
1898 2955 2253 3047 quaedam
2278 2956 2491 3028 tristis
2514 2982 2629 3029 vo·

635 3122 639 3131 ,
719 3054 995 3145 luptass
1035 3055 1228 3155 bona
1251 3076 1423 3131 sunt
1444 3060 1818 3157 quaedam
1857 3080 2063 3153 vota,
2092 3087 2287 3158 quae
2304 3088 2488 3137 non
2470 3091 2631 3165 gra-

719 3166 1104 3236 tulantium
1149 3185 1398 3257 coetu,
1444 3154 1592 3245 sed
1610 3172 2062 3250 adorantium
2107 3178 2630 3252 venerantium-

718 3293 866 3362 que
890 3272 1356 3347 celebrantur.
1382 3278 1489 3349 Ita
1513 3300 1595 3351 tu
1618 3304 1769 3351 non
1794 3299 2005 3375 putas
2022 3285 2381 3392 Regulum
2397 3308 2627 3382 optas·

715 3402 826 3466 se,
865 3395 950 3451 ut
985 3381 1076 3456 ad
1122 3384 1402 3457 Poenos
1446 3390 1845 3481 perveniret
1868 3392 1903 3463 Ρ
1954 3386 2188 3467 Indue
2230 3399 2481 3495 magn-i
2505 3399 2627 3471 viri

715 3488 1085 3592 animum,
1127 3508 1202 3563 et
1239 3495 1329 3565 ab
1361 3496 1828 3589 opinionibus
1864 3502 2057 3600 vulgi
2084 3504 2337 3575 secede
2377 3508 2625 3599 paulis·

717 3618 883 3687 per·
862 3648 886 3684 ,
933 3622 1110 3695 cape
1131 3648 1158 3688 ,
1204 3624 1547 3695 quantam
1598 3602 1860 3698 debes,
1891 3610 2225 3684 Virtutis
2221 3616 2625 3709 pulcherri-

717 3726 876 3778 mae
909 3730 989 3779 ac
1027 3712 1755 3835 magnificentissimae
1791 3722 2134 3813 speciem,
2184 3746 2371 3817 quae
2418 3719 2625 3799 nobss

719 3832 870 3884 non
893 3816 1107 3891 thure
1123 3870 1154 3907 s
1191 3844 1328 3895 nee
1349 3822 1541 3895 sertis
1557 3874 1585 3915 ,
1614 3826 1739 3897 sed
1752 3828 2015 3901 sudore
2032 3846 2109 3901 et
2132 3834 2477 3932 sanguine
2505 3860 2629 3909 co·-
