2809 4850
365 379 432 454 E
479 373 716 452 1³=12s
750 373 839 450 “r
882 309 961 452 ὁ
1014 380 1077 457 L
1126 375 1189 452 A
1264 371 1804 457 Lxxxvn.
1953 397 2091 489 345

162 539 499 636 pavescit.
520 536 895 610 *Chelidon
910 587 933 626 ,
962 561 1155 610 unus
1168 563 1256 612 ex
1288 537 1705 632 Cleopatrae
1725 537 2098 629 mollibus,

162 651 693 748 patrimonium
721 651 985 750 grande
1010 651 1341 746 possedit.
1356 651 1616 746 Nuper
1637 650 2094 741 Natalis‚tam

162 764 515 858 inprobae
558 764 884 860 linguae,
934 787 1155 856 quam
1216 764 1558 858 inpune,
1601 763 1682 834 in
1721 763 1926 835 cuius
1967 787 2099 838 ore

160 877 476 949 feminae
498 879 1024 974 purgabantur,
1062 897 1133 950 et
1156 881 1560 950 multorum
1587 875 1784 948 heres
1813 876 1996 965 fuit,
2022 892 2100 950 et

160 993 435 1062 multos
458 992 713 1064 habuit
746 992 1057 1062 heredes.
1106 991 1315 1099 Quid
1342 989 1564 1088 ergo?
1601 1008 1848 1060 utrum
1887 989 2098 1062 illum

159 1103 472 1196 pecunia
511 1102 858 1196 inpurum
901 1098 1175 1193 effecit,
1226 1127 1319 1174 an
1370 1104 1518 1197 ipse
1563 1103 1944 1194 pecuniam
1981 1100 2098 1172 in-

158 1213 576 1306 spurcavit?
622 1238 811 1305 quae
854 1213 951 1285 sic
985 1217 1063 1286 in
1108 1214 1460 1322 quosdam
1497 1211 1868 1299 homines,
1913 1235 2096 1304 quo·

158 1323 390 1394 modo
422 1324 799 1396 denarius
778 1347 855 1394 ιη
868 1327 1187 1396 cloacam
1212 1315 1422 1395 cadit.
1451 1323 1696 1394 Virtus
1721 1342 1938 1416 super
1968 1323 2096 1394 ista

156 1435 517 1509 consistit·
495 1487 516 1524 ,
556 1461 685 1510 suo
712 1461 870 1509 aere
899 1455 1257 1523 censetur3
1290 1435 1472 1507 nihil
1495 1434 1750 1506 existis
1777 1457 2097 1528 quomo-

158 1546 440 1619 dolibet
466 1549 994 1621 incurrentibus
1027 1549 1315 1621 bonum
1339 1548 1634 1620 iudicat.
1680 1547 2042 1618 Medicina
2067 1593 2094 1634 ,

158 1674 231 1730 et
249 1647 729 1756 gubernatio,
761 1683 915 1732 non
954 1659 1317 1732 interdicit
1346 1659 1484 1729 sibi
1519 1681 1600 1730 ac
1622 1656 1759 1730 suis
1788 1653 2096 1730 admira-

156 1771 432 1844 tionem
466 1773 716 1848 talium
742 1797 1006 1846 rerum.
1040 1775 1195 1882 Qui
1214 1799 1370 1847 non
1398 1788 1502 1845 est
1523 1772 1634 1843 vir
1655 1771 1927 1862 bonus,
1958 1799 2096 1869 po·-

157 1899 289 1958 test
326 1884 807 1965 nihilominus
842 1887 1162 1960 medicus
1212 1910 1393 1974 esse,
1455 1903 1696 1981 potest
1740 1875 2098 1985 guberna·—

154 2013 311 2090 tor,
338 2006 585 2096 potest
610 2001 1135 2100 grammaticus,
1176 2017 1322 2070 tam
1352 1997 1827 2089 mehercules„
1868 2019 2096 2091 quam

155 2123 457 2208 coquus.
536 2113 677 2186 Cui
730 2111 1090 2211 contingit
1146 2111 1410 2186 habete
1456 2125 1624 2183 non·
1674 2110 2093 2206 quaelibet,

153 2221 349 2298 hunc
386 2245 547 2298 non
573 2213 980 2320 quem'iibet
1008 2223 1283 2294 dixeris.
1330 2220 1600 2328 Qualia
1625 2223 1934 2316 quisque
1968 2223 2097 2292 ha·

157 2334 325 2429 bet,
372 2338 531 2409 talis
575 2354 697 2410 est.
742 2335 975 2409 Fiscus
1005 2337 1190 2408 tanti
1228 2352 1371 2423 est,
1425 2353 1784 2431 quantum
1825 2335 2089 2422 habet3

159 2444 387 2518 immo
412 2448 488 2519 in
509 2437 978 2521 accessionem
1002 2446 1149 2517 eius
1176 2444 1375 2516 venit
1410 2444 1616 2539 quod
1647 2441 1886 2517 habet.
1910 2444 2095 2551 Quis

159 2560 379 2651 pleno
428 2564 709 2633 sacculo
757 2562 993 2631 ulium
1031 2556 1345 2652 pretium
1383 2558 1660 2652 ponit,
1699 2558 1832 2629 nisi
1885 2556 2094 2653 quod

159 2668 507 2761 pecuniae
547 2671 624 2740 in
664 2696 752 2741 eo
782 2670 1116 2743 conditae
1158 2663 1501 2741 numerus
1542 2668 1834 2742 effecit?
1885 2656 2093 2745 Ideni

159 2782 403 2855 evenit
455 2804 886 2878 magnorum
932 2780 1248 2851 dominis
1288 2779 1892 2874 patrimoniorum
1905 2809 1927 2871 3
1977 2808 2097 2855 ac·-

161 2894 501 2967 cessiones
524 2894 812 2966 illorum
838 2910 910 2965 et
949 2888 1379 2988 adpendices
1417 2909 1607 2963 sunt.
1655 2894 1899 2998 Quare
1924 2918 2094 2992 ergo

162 2998 450 3101 Sapiens
479 3028 776 3103 magnus
817 3006 972 3076 est?
1022 3002 1187 3097 quia
1214 3027 1565 3100 magnum
1597 3006 1922 3075 animum
1967 3006 2095 3078 ha?

160 3116 301 3191 bet.
332 3116 612 3197 Verum
638 3134 739 3189 est
764 3142 931 3216 ergo
948 3166 969 3205 ,
994 3114 1165 3213 quod
1184 3117 1676 3188 contemtis-simo
1699 3118 1927 3215 cuique
1947 3140 2093 3187 con-

166 3232 407 3326 tingit?
452 3228 678 3299 bonum
716 3254 841 3299 non
881 3253 1029 3299 esse.
1068 3222 1323 3319 Itaque
1360 3222 1834 3297 indolentiam
1877 3251 2094 3299 num-

164 3358 384 3437 quam
426 3334 700 3413 bonam
746 3340 1021 3417 dicam&
1068 3335 1287 3410 habet
1320 3335 1516 3411 illam
1560 3342 1833 3430 cicada,
1877 3340 2094 3415 habet

165 3450 407 3547 pulex,
448 3451 562 3525 Ne
592 3452 917 3547 quietem
954 3451 1253 3546 quidem
1272 3502 1297 3540 ,
1354 3469 1428 3525 et
1460 3448 1782 3531 molestia
1807 3478 2092 3547 vacare,

167 3566 448 3641 bonum
472 3568 743 3641 dicam.
790 3560 969 3663 quid
1002 3583 1108 3640 est
1134 3565 1424 3645 otiosius
1455 3571 1754 3645 verme?

266 3690 605 3797 Quaeris,
654 3715 841 3785 quae
878 3714 987 3766 res
1018 3686 1444 3798 Sapientem
1457 3690 1714 3767 faciat?
1752 3728 1824 3748 -··
1877 3694 2092 3801 Quae

170 3796 429 3879 Deum.
480 3802 629 3881 Des
664 3820 953 3903 oportet
990 3801 1095 3875 ini
1122 3802 1456 3877 divinum
1489 3806 1804 3905 aliquid,
1851 3810 2089 3883 coele-

1660 4088 1694 4113 d
