<?xml version="1.0" encoding="UTF-8"?>
<!DOCTYPE html PUBLIC "-//W3C//DTD XHTML 1.0 Transitional//EN"
    "http://www.w3.org/TR/xhtml1/DTD/xhtml1-transitional.dtd">
<html xmlns="http://www.w3.org/1999/xhtml" xml:lang="en" lang="en">
 <head>
  <title>
</title>
<meta http-equiv="Content-Type" content="text/html;charset=utf-8" />
  <meta name='ocr-system' content='tesseract 3.04.00' />
  <meta name='ocr-capabilities' content='ocr_page ocr_carea ocr_par ocr_line ocrx_word'/>
</head>
<body>
  <div class='ocr_page' id='page_1' title='image "./lannaeisenecaea01bipogoog_0201.png"; bbox 0 0 2809 4850; ppageno 0'>
   <div class='ocr_carea' id='block_1_1' title="bbox 572 350 2150 494">
    <p class='ocr_par' dir='ltr' id='par_1_1' title="bbox 572 350 2150 494">
     <span class='ocr_line' id='line_1_1' title="bbox 572 350 2150 494; baseline 0.004 -44"><span class='ocrx_word' id='word_1_1' title='bbox 572 373 1390 494; x_wconf 50' lang='lat' dir='ltr'>EplsTonA</span> <span class='ocrx_word' id='word_1_2' title='bbox 1469 373 1803 457; x_wconf 76' lang='lat' dir='ltr'>Lx11&#39;1.</span> <span class='ocrx_word' id='word_1_3' title='bbox 2020 350 2150 490; x_wconf 51' lang='lat'>192</span> 
     </span>
    </p>
   </div>
   <div class='ocr_carea' id='block_1_2' title="bbox 193 540 2159 3831">
    <p class='ocr_par' dir='ltr' id='par_1_2' title="bbox 193 540 2159 3831">
     <span class='ocr_line' id='line_1_2' title="bbox 193 540 2150 639; baseline 0.006 -27"><span class='ocrx_word' id='word_1_4' title='bbox 193 563 390 616; x_wconf 79' lang='lat' dir='ltr'>:non</span> <span class='ocrx_word' id='word_1_5' title='bbox 425 543 688 614; x_wconf 85' lang='lat' dir='ltr'>nimiae</span> <span class='ocrx_word' id='word_1_6' title='bbox 717 540 1222 628; x_wconf 88' lang='lat' dir='ltr'>decurrerunt,</span> <span class='ocrx_word' id='word_1_7' title='bbox 1256 541 1314 613; x_wconf 83' lang='lat' dir='ltr'>si</span> <span class='ocrx_word' id='word_1_8' title='bbox 1337 541 1469 636; x_wconf 87' lang='lat' dir='ltr'>ipsi</span> <span class='ocrx_word' id='word_1_9' title='bbox 1507 543 1653 614; x_wconf 82' lang='lat' dir='ltr'>illas</span> <span class='ocrx_word' id='word_1_10' title='bbox 1682 548 2150 639; x_wconf 76' lang='lat' dir='ltr'>repressimus·</span> 
     </span>
     <span class='ocr_line' id='line_1_3' title="bbox 201 647 2151 744; baseline 0.005 -20"><span class='ocrx_word' id='word_1_11' title='bbox 201 652 388 726; x_wconf 89' lang='lat' dir='ltr'>Nec</span> <span class='ocrx_word' id='word_1_12' title='bbox 420 655 582 740; x_wconf 81' lang='lat' dir='ltr'>sicci</span> <span class='ocrx_word' id='word_1_13' title='bbox 606 653 745 725; x_wconf 89' lang='lat' dir='ltr'>sint</span> <span class='ocrx_word' id='word_1_14' title='bbox 769 654 964 726; x_wconf 86' lang='lat' dir='ltr'>oculi</span> <span class='ocrx_word' id='word_1_15' title='bbox 987 647 1238 724; x_wconf 79' lang='lat' dir='ltr'>amisso</span> <span class='ocrx_word' id='word_1_16' title='bbox 1272 654 1503 726; x_wconf 88' lang='lat' dir='ltr'>amico</span> <span class='ocrx_word' id='word_1_17' title='bbox 1523 705 1549 744; x_wconf 88' lang='lat'>,</span> <span class='ocrx_word' id='word_1_18' title='bbox 1576 669 1725 728; x_wconf 80' lang='lat' dir='ltr'>‘nec</span> <span class='ocrx_word' id='word_1_19' title='bbox 1752 655 2013 732; x_wconf 73' lang='lat' dir='ltr'>fluantz</span> <span class='ocrx_word' id='word_1_20' title='bbox 2048 663 2151 734; x_wconf 87' lang='lat' dir='ltr'>la-</span> 
     </span>
     <span class='ocr_line' id='line_1_4' title="bbox 204 753 2153 857; baseline 0.003 -19"><span class='ocrx_word' id='word_1_21' title='bbox 204 753 692 839; x_wconf 80' lang='lat' dir='ltr'>crimandum</span> <span class='ocrx_word' id='word_1_22' title='bbox 727 780 872 854; x_wconf 86' lang='lat' dir='ltr'>est,</span> <span class='ocrx_word' id='word_1_23' title='bbox 906 785 1056 836; x_wconf 83' lang='lat' dir='ltr'>non</span> <span class='ocrx_word' id='word_1_24' title='bbox 1094 765 1552 857; x_wconf 73' lang='lat' dir='ltr'>plorandum.</span> <span class='ocrx_word' id='word_1_25' title='bbox 1590 765 1864 839; x_wconf 83' lang='lat' dir='ltr'>Duram</span> <span class='ocrx_word' id='word_1_26' title='bbox 1888 770 2025 842; x_wconf 90' lang='lat' dir='ltr'>tibi</span> <span class='ocrx_word' id='word_1_27' title='bbox 2049 773 2153 844; x_wconf 86' lang='lat' dir='ltr'>le-</span> 
     </span>
     <span class='ocr_line' id='line_1_5' title="bbox 205 863 2149 975; baseline 0.003 -27"><span class='ocrx_word' id='word_1_28' title='bbox 205 899 399 975; x_wconf 81' lang='lat' dir='ltr'>gem</span> <span class='ocrx_word' id='word_1_29' title='bbox 419 876 676 952; x_wconf 83' lang='lat' dir='ltr'>videor·</span> <span class='ocrx_word' id='word_1_30' title='bbox 693 865 1012 972; x_wconf 78' lang='lat' dir='ltr'>ponere?</span> <span class='ocrx_word' id='word_1_31' title='bbox 1041 899 1275 968; x_wconf 87' lang='lat' dir='ltr'>quum</span> <span class='ocrx_word' id='word_1_32' title='bbox 1305 878 1689 950; x_wconf 67' lang='lat' dir='ltr'>Poetarum</span> <span class='ocrx_word' id='word_1_33' title='bbox 1714 863 2149 954; x_wconf 82' lang='lat' dir='ltr'>Graecorum</span> 
     </span>
     <span class='ocr_line' id='line_1_6' title="bbox 213 985 2153 1085; baseline 0.003 -25"><span class='ocrx_word' id='word_1_34' title='bbox 213 987 594 1060; x_wconf 80' lang='lat' dir='ltr'>maximus</span> <span class='ocrx_word' id='word_1_35' title='bbox 655 988 766 1058; x_wconf 81' lang='lat' dir='ltr'>ius</span> <span class='ocrx_word' id='word_1_36' title='bbox 807 985 1029 1085; x_wconf 77' lang='lat' dir='ltr'>flendi</span> <span class='ocrx_word' id='word_1_37' title='bbox 1074 985 1356 1062; x_wconf 82' lang='lat' dir='ltr'><strong>dederit</strong></span> <span class='ocrx_word' id='word_1_38' title='bbox 1403 992 1473 1058; x_wconf 84' lang='lat' dir='ltr'>in</span> <span class='ocrx_word' id='word_1_39' title='bbox 1531 1015 1729 1060; x_wconf 83' lang='lat' dir='ltr'>unum</span> <span class='ocrx_word' id='word_1_40' title='bbox 1780 991 2153 1066; x_wconf 85' lang='lat' dir='ltr'>dumtaxat</span> 
     </span>
     <span class='ocr_line' id='line_1_7' title="bbox 221 1095 2156 1204; baseline 0.003 -33"><span class='ocrx_word' id='word_1_41' title='bbox 221 1101 450 1172; x_wconf 74' lang='lat' dir='ltr'>dim,-</span> <span class='ocrx_word' id='word_1_42' title='bbox 488 1118 723 1191; x_wconf 87' lang='lat' dir='ltr'>quum</span> <span class='ocrx_word' id='word_1_43' title='bbox 774 1095 1042 1168; x_wconf 80' lang='lat' dir='ltr'>dixerit</span> <span class='ocrx_word' id='word_1_44' title='bbox 1062 1146 1085 1185; x_wconf 88' lang='lat'><strong>,</strong></span> <span class='ocrx_word' id='word_1_45' title='bbox 1139 1100 1334 1170; x_wconf 80' lang='lat' dir='ltr'>etiam</span> <span class='ocrx_word' id='word_1_46' title='bbox 1374 1098 1625 1171; x_wconf 84' lang='lat' dir='ltr'><em>Nioben</em></span> <span class='ocrx_word' id='word_1_47' title='bbox 1672 1101 1747 1204; x_wconf 68' lang='grc' dir='ltr'>ἅς</span> <span class='ocrx_word' id='word_1_48' title='bbox 1792 1104 1927 1174; x_wconf 83' lang='lat' dir='ltr'>cibo</span> <span class='ocrx_word' id='word_1_49' title='bbox 1975 1110 2156 1203; x_wconf 72' lang='lat' dir='ltr'>eogi-</span> 
     </span>
     <span class='ocr_line' id='line_1_8' title="bbox 215 1205 2143 1312; baseline 0.004 -34"><span class='ocrx_word' id='word_1_50' title='bbox 215 1225 421 1279; x_wconf 75' lang='lat' dir='ltr'>tasse.</span> <span class='ocrx_word' id='word_1_51' title='bbox 457 1248 528 1262; x_wconf 90' lang='lat'><em>-</em></span> <span class='ocrx_word' id='word_1_52' title='bbox 571 1207 902 1312; x_wconf 57' lang='lat' dir='ltr'>Quaem,</span> <span class='ocrx_word' id='word_1_53' title='bbox 943 1208 1166 1280; x_wconf 89' lang='lat' dir='ltr'>unde</span> <span class='ocrx_word' id='word_1_54' title='bbox 1157 1209 1313 1279; x_wconf 79' lang='lat' dir='ltr'>sint</span> <span class='ocrx_word' id='word_1_55' title='bbox 1340 1209 1919 1300; x_wconf 80' lang='lat' dir='ltr'>lamentationes,</span> <span class='ocrx_word' id='word_1_56' title='bbox 1946 1205 2143 1286; x_wconf 85' lang='lat' dir='ltr'>unde</span> 
     </span>
     <span class='ocr_line' id='line_1_9' title="bbox 213 1317 2149 1416; baseline 0.004 -29"><span class='ocrx_word' id='word_1_57' title='bbox 213 1318 580 1390; x_wconf 88' lang='lat' dir='ltr'><strong>inmodici</strong></span> <span class='ocrx_word' id='word_1_58' title='bbox 601 1317 851 1389; x_wconf 60' lang='lat' dir='ltr'>fletus».</span> <span class='ocrx_word' id='word_1_59' title='bbox 835 1319 869 1370; x_wconf 63' lang='grc' dir='ltr'>ἵ)</span> <span class='ocrx_word' id='word_1_60' title='bbox 899 1359 973 1370; x_wconf 89' lang='grc'>-</span> <span class='ocrx_word' id='word_1_61' title='bbox 1002 1318 1139 1388; x_wconf 87' lang='lat' dir='ltr'>Per</span> <span class='ocrx_word' id='word_1_62' title='bbox 1164 1318 1479 1390; x_wconf 82' lang='lat' dir='ltr'>lacrimas</span> <span class='ocrx_word' id='word_1_63' title='bbox 1508 1337 1925 1416; x_wconf 82' lang='lat' dir='ltr'>argumenta</span> <span class='ocrx_word' id='word_1_64' title='bbox 1958 1321 2149 1396; x_wconf 77' lang='lat' dir='ltr'>desi·-</span> 
     </span>
     <span class='ocr_line' id='line_1_10' title="bbox 215 1428 2145 1538; baseline 0.004 -38"><span class='ocrx_word' id='word_1_65' title='bbox 215 1429 408 1500; x_wconf 85' lang='lat' dir='ltr'>derii</span> <span class='ocrx_word' id='word_1_66' title='bbox 435 1430 880 1521; x_wconf 64' lang='lat' dir='ltr'>quaerimus-‚3</span> <span class='ocrx_word' id='word_1_67' title='bbox 917 1446 989 1500; x_wconf 90' lang='lat' dir='ltr'>et</span> <span class='ocrx_word' id='word_1_68' title='bbox 1028 1428 1352 1500; x_wconf 85' lang='lat' dir='ltr'>dolorem</span> <span class='ocrx_word' id='word_1_69' title='bbox 1390 1453 1541 1500; x_wconf 89' lang='lat' dir='ltr'>non</span> <span class='ocrx_word' id='word_1_70' title='bbox 1568 1430 1975 1538; x_wconf 84' lang='lat' dir='ltr'><strong>sequimur,</strong></span> <span class='ocrx_word' id='word_1_71' title='bbox 2016 1433 2145 1506; x_wconf 79' lang='lat' dir='ltr'>sed</span> 
     </span>
     <span class='ocr_line' id='line_1_11' title="bbox 221 1521 2145 1630; baseline 0.004 -21"><span class='ocrx_word' id='word_1_72' title='bbox 221 1537 694 1609; x_wconf 80' lang='lat' dir='ltr'><strong>ostendimus.</strong></span> <span class='ocrx_word' id='word_1_73' title='bbox 711 1537 950 1608; x_wconf 90' lang='lat' dir='ltr'>Nemo</span> <span class='ocrx_word' id='word_1_74' title='bbox 967 1521 1170 1609; x_wconf 79' lang='lat' dir='ltr'>tristis</span> <span class='ocrx_word' id='word_1_75' title='bbox 1194 1540 1322 1611; x_wconf 83' lang='lat' dir='ltr'>sibi</span> <span class='ocrx_word' id='word_1_76' title='bbox 1349 1556 1469 1610; x_wconf 80' lang='lat' dir='ltr'>est.</span> <span class='ocrx_word' id='word_1_77' title='bbox 1498 1539 1574 1630; x_wconf 89' lang='grc' dir='ltr'>Ο</span> <span class='ocrx_word' id='word_1_78' title='bbox 1599 1539 1953 1612; x_wconf 83' lang='lat' dir='ltr'>infelicem</span> <span class='ocrx_word' id='word_1_79' title='bbox 1974 1545 2145 1616; x_wconf 86' lang='lat' dir='ltr'>stul·</span> 
     </span>
     <span class='ocr_line' id='line_1_12' title="bbox 217 1625 2145 1754; baseline 0.003 -34"><span class='ocrx_word' id='word_1_80' title='bbox 217 1631 499 1720; x_wconf 81' lang='lat' dir='ltr'>titiam!</span> <span class='ocrx_word' id='word_1_81' title='bbox 541 1665 645 1719; x_wconf 86' lang='lat' dir='ltr'>est</span> <span class='ocrx_word' id='word_1_82' title='bbox 680 1648 918 1742; x_wconf 84' lang='lat' dir='ltr'>aliqua</span> <span class='ocrx_word' id='word_1_83' title='bbox 948 1663 1022 1720; x_wconf 86' lang='lat' dir='ltr'>et</span> <span class='ocrx_word' id='word_1_84' title='bbox 1049 1647 1310 1720; x_wconf 83' lang='lat' dir='ltr'>doloris</span> <span class='ocrx_word' id='word_1_85' title='bbox 1333 1625 1654 1722; x_wconf 85' lang='lat' dir='ltr'>ambitio.</span> <span class='ocrx_word' id='word_1_86' title='bbox 1697 1689 1770 1704; x_wconf 88' lang='lat'>-·</span> <span class='ocrx_word' id='word_1_87' title='bbox 1806 1651 2009 1754; x_wconf 77' lang='lat' dir='ltr'>Quid</span> <span class='ocrx_word' id='word_1_88' title='bbox 2034 1676 2145 1726; x_wconf 87' lang='lat' dir='ltr'>er-</span> 
     </span>
     <span class='ocr_line' id='line_1_13' title="bbox 217 1759 2141 1858; baseline 0.003 -27"><span class='ocrx_word' id='word_1_89' title='bbox 217 1785 356 1858; x_wconf 77' lang='lat' dir='ltr'>go,</span> <span class='ocrx_word' id='word_1_90' title='bbox 338 1760 423 1814; x_wconf 69' lang='grc' dir='ltr'>Ρ</span> <span class='ocrx_word' id='word_1_91' title='bbox 403 1759 683 1853; x_wconf 83' lang='lat' dir='ltr'>mquis;</span> <span class='ocrx_word' id='word_1_92' title='bbox 711 1759 1079 1832; x_wconf 81' lang='lat' dir='ltr'>obliviscar</span> <span class='ocrx_word' id='word_1_93' title='bbox 1095 1761 1340 1834; x_wconf 87' lang='lat' dir='ltr'>amici.</span> <span class='ocrx_word' id='word_1_94' title='bbox 1321 1761 1355 1814; x_wconf 72' lang='lat'>3²</span> <span class='ocrx_word' id='word_1_95' title='bbox 1385 1801 1457 1814; x_wconf 89' lang='lat'>--</span> <span class='ocrx_word' id='word_1_96' title='bbox 1492 1759 1789 1832; x_wconf 84' lang='lat' dir='ltr'>Brevem</span> <span class='ocrx_word' id='word_1_97' title='bbox 1815 1764 1915 1832; x_wconf 87' lang='lat' dir='ltr'>illi</span> <span class='ocrx_word' id='word_1_98' title='bbox 1940 1763 2141 1858; x_wconf 90' lang='lat' dir='ltr'>apud</span> 
     </span>
     <span class='ocr_line' id='line_1_14' title="bbox 215 1870 2145 1964; baseline 0.001 -22"><span class='ocrx_word' id='word_1_99' title='bbox 215 1887 300 1942; x_wconf 87' lang='lat' dir='ltr'>te</span> <span class='ocrx_word' id='word_1_100' title='bbox 335 1871 758 1942; x_wconf 82' lang='lat' dir='ltr'>memoriam</span> <span class='ocrx_word' id='word_1_101' title='bbox 797 1870 1194 1964; x_wconf 73' lang='lat' dir='ltr'>promitti8‚</span> <span class='ocrx_word' id='word_1_102' title='bbox 1236 1870 1292 1943; x_wconf 79' lang='lat' dir='ltr'>si</span> <span class='ocrx_word' id='word_1_103' title='bbox 1329 1894 1499 1942; x_wconf 88' lang='lat' dir='ltr'>cum</span> <span class='ocrx_word' id='word_1_104' title='bbox 1539 1870 1789 1942; x_wconf 88' lang='lat' dir='ltr'>dolore</span> <span class='ocrx_word' id='word_1_105' title='bbox 1818 1896 2145 1944; x_wconf 87' lang='lat' dir='ltr'>mansura</span> 
     </span>
     <span class='ocr_line' id='line_1_15' title="bbox 221 1979 2159 2074; baseline 0.002 -23"><span class='ocrx_word' id='word_1_106' title='bbox 221 1996 352 2051; x_wconf 84' lang='lat' dir='ltr'>est.</span> <span class='ocrx_word' id='word_1_107' title='bbox 373 1980 524 2058; x_wconf 83' lang='lat' dir='ltr'>Iam</span> <span class='ocrx_word' id='word_1_108' title='bbox 559 1981 762 2052; x_wconf 90' lang='lat' dir='ltr'>istam</span> <span class='ocrx_word' id='word_1_109' title='bbox 791 1982 1106 2052; x_wconf 83' lang='lat' dir='ltr'>frontem</span> <span class='ocrx_word' id='word_1_110' title='bbox 1135 1982 1227 2053; x_wconf 88' lang='lat' dir='ltr'>ad</span> <span class='ocrx_word' id='word_1_111' title='bbox 1253 1983 1475 2052; x_wconf 80' lang='lat' dir='ltr'>risum</span> <span class='ocrx_word' id='word_1_112' title='bbox 1502 1979 1865 2074; x_wconf 83' lang='lat' dir='ltr'>quaelibet</span> <span class='ocrx_word' id='word_1_113' title='bbox 1888 1979 2159 2055; x_wconf 56' lang='lat' dir='ltr'>sertui·-⁴</span> 
     </span>
     <span class='ocr_line' id='line_1_16' title="bbox 217 2087 2137 2186; baseline 0.001 -28"><span class='ocrx_word' id='word_1_114' title='bbox 217 2104 298 2158; x_wconf 81' lang='lat' dir='ltr'>ta</span> <span class='ocrx_word' id='word_1_115' title='bbox 326 2111 432 2158; x_wconf 82' lang='lat' dir='ltr'>res</span> <span class='ocrx_word' id='word_1_116' title='bbox 465 2088 868 2160; x_wconf 57' lang='lat' dir='ltr'>transferet).</span> <span class='ocrx_word' id='word_1_117' title='bbox 915 2112 1070 2159; x_wconf 89' lang='lat' dir='ltr'>non</span> <span class='ocrx_word' id='word_1_118' title='bbox 1104 2087 1354 2158; x_wconf 83' lang='lat' dir='ltr'>differo</span> <span class='ocrx_word' id='word_1_119' title='bbox 1393 2089 1471 2158; x_wconf 89' lang='lat' dir='ltr'>in</span> <span class='ocrx_word' id='word_1_120' title='bbox 1498 2087 1777 2186; x_wconf 83' lang='lat' dir='ltr'>longius</span> <span class='ocrx_word' id='word_1_121' title='bbox 1812 2104 2137 2186; x_wconf 62' lang='lat' dir='ltr'>tempus»,</span> 
     </span>
     <span class='ocr_line' id='line_1_17' title="bbox 217 2197 2142 2290; baseline 0.003 -24"><span class='ocrx_word' id='word_1_122' title='bbox 217 2221 384 2290; x_wconf 87' lang='lat' dir='ltr'>quo</span> <span class='ocrx_word' id='word_1_123' title='bbox 412 2197 839 2270; x_wconf 86' lang='lat' dir='ltr'>desiderium</span> <span class='ocrx_word' id='word_1_124' title='bbox 867 2221 1087 2268; x_wconf 86' lang='lat' dir='ltr'>omne</span> <span class='ocrx_word' id='word_1_125' title='bbox 1105 2199 1465 2270; x_wconf 85' lang='lat' dir='ltr'>mulcetur</span> <span class='ocrx_word' id='word_1_126' title='bbox 1481 2247 1506 2286; x_wconf 88' lang='lat'>,</span> <span class='ocrx_word' id='word_1_127' title='bbox 1538 2221 1691 2289; x_wconf 88' lang='lat' dir='ltr'>quo</span> <span class='ocrx_word' id='word_1_128' title='bbox 1710 2197 1927 2270; x_wconf 86' lang='lat' dir='ltr'>etiam</span> <span class='ocrx_word' id='word_1_129' title='bbox 1952 2223 2142 2272; x_wconf 86' lang='lat' dir='ltr'>acer-</span> 
     </span>
     <span class='ocr_line' id='line_1_18' title="bbox 217 2305 2139 2410; baseline 0.002 -32"><span class='ocrx_word' id='word_1_130' title='bbox 217 2305 386 2378; x_wconf 83' lang='lat' dir='ltr'>rimi</span> <span class='ocrx_word' id='word_1_131' title='bbox 413 2310 650 2378; x_wconf 79' lang='lat' dir='ltr'>luctus</span> <span class='ocrx_word' id='word_1_132' title='bbox 671 2307 1004 2384; x_wconf 83' lang='lat' dir='ltr'>residunt.</span> <span class='ocrx_word' id='word_1_133' title='bbox 1051 2305 1306 2410; x_wconf 79' lang='lat' dir='ltr'>Quum</span> <span class='ocrx_word' id='word_1_134' title='bbox 1332 2308 1647 2400; x_wconf 78' lang='lat' dir='ltr'>primum</span> <span class='ocrx_word' id='word_1_135' title='bbox 1670 2323 1743 2378; x_wconf 89' lang='lat' dir='ltr'>te</span> <span class='ocrx_word' id='word_1_136' title='bbox 1770 2308 2139 2381; x_wconf 80' lang='lat' dir='ltr'>observare</span> 
     </span>
     <span class='ocr_line' id='line_1_19' title="bbox 217 2415 2139 2518; baseline 0 -27"><span class='ocrx_word' id='word_1_137' title='bbox 217 2417 548 2507; x_wconf 69' lang='lat' dir='ltr'>desieriS,</span> <span class='ocrx_word' id='word_1_138' title='bbox 588 2417 832 2518; x_wconf 56' lang='lat' dir='ltr'>imago«</span> <span class='ocrx_word' id='word_1_139' title='bbox 852 2418 978 2490; x_wconf 74' lang='lat' dir='ltr'>ista</span> <span class='ocrx_word' id='word_1_140' title='bbox 1017 2417 1336 2489; x_wconf 86' lang='lat' dir='ltr'>tristitiae</span> <span class='ocrx_word' id='word_1_141' title='bbox 1367 2415 1717 2489; x_wconf 78' lang='lat' dir='ltr'>discedet:</span> <span class='ocrx_word' id='word_1_142' title='bbox 1761 2440 1959 2489; x_wconf 88' lang='lat' dir='ltr'>nunc</span> <span class='ocrx_word' id='word_1_143' title='bbox 1990 2416 2139 2512; x_wconf 83' lang='lat' dir='ltr'>ipse</span> 
     </span>
     <span class='ocr_line' id='line_1_20' title="bbox 215 2521 2139 2619; baseline -0.001 -21"><span class='ocrx_word' id='word_1_144' title='bbox 215 2525 538 2598; x_wconf 71' lang='lat' dir='ltr'>custodis</span> <span class='ocrx_word' id='word_1_145' title='bbox 573 2525 898 2598; x_wconf 86' lang='lat' dir='ltr'>dolorem</span> <span class='ocrx_word' id='word_1_146' title='bbox 925 2543 1181 2612; x_wconf 79' lang='lat' dir='ltr'>tuum3</span> <span class='ocrx_word' id='word_1_147' title='bbox 1226 2521 1350 2595; x_wconf 86' lang='lat' dir='ltr'>sed</span> <span class='ocrx_word' id='word_1_148' title='bbox 1375 2526 1805 2600; x_wconf 84' lang='lat' dir='ltr'>custodienti</span> <span class='ocrx_word' id='word_1_149' title='bbox 1834 2550 2139 2619; x_wconf 82' lang='lat' dir='ltr'>quoque</span> 
     </span>
     <span class='ocr_line' id='line_1_21' title="bbox 222 2634 2135 2729; baseline 0 -22"><span class='ocrx_word' id='word_1_150' title='bbox 222 2637 568 2723; x_wconf 84' lang='lat' dir='ltr'>elabitur,</span> <span class='ocrx_word' id='word_1_151' title='bbox 593 2660 827 2729; x_wconf 84' lang='lat' dir='ltr'>eoque</span> <span class='ocrx_word' id='word_1_152' title='bbox 851 2636 1054 2707; x_wconf 83' lang='lat' dir='ltr'>citius</span> <span class='ocrx_word' id='word_1_153' title='bbox 1077 2686 1100 2723; x_wconf 88' lang='lat'><strong>,</strong></span> <span class='ocrx_word' id='word_1_154' title='bbox 1129 2659 1280 2727; x_wconf 91' lang='lat' dir='ltr'>quo</span> <span class='ocrx_word' id='word_1_155' title='bbox 1301 2652 1402 2705; x_wconf 86' lang='lat' dir='ltr'>est</span> <span class='ocrx_word' id='word_1_156' title='bbox 1426 2636 1649 2707; x_wconf 85' lang='lat' dir='ltr'>acrior</span> <span class='ocrx_word' id='word_1_157' title='bbox 1665 2688 1687 2724; x_wconf 88' lang='lat'>,</span> <span class='ocrx_word' id='word_1_158' title='bbox 1715 2635 1991 2707; x_wconf 85' lang='lat' dir='ltr'>desinit.</span> <span class='ocrx_word' id='word_1_159' title='bbox 2050 2634 2135 2707; x_wconf 88' lang='lat' dir='ltr'>Id</span> 
     </span>
     <span class='ocr_line' id='line_1_22' title="bbox 223 2740 2141 2841; baseline 0 -27"><span class='ocrx_word' id='word_1_160' title='bbox 223 2768 556 2841; x_wconf 78' lang='lat' dir='ltr'>agamus,</span> <span class='ocrx_word' id='word_1_161' title='bbox 603 2758 688 2815; x_wconf 88' lang='lat' dir='ltr'>ut</span> <span class='ocrx_word' id='word_1_162' title='bbox 719 2742 1036 2817; x_wconf 82' lang='lat' dir='ltr'>iucunda</span> <span class='ocrx_word' id='word_1_163' title='bbox 1073 2740 1194 2815; x_wconf 86' lang='lat' dir='ltr'>fiat</span> <span class='ocrx_word' id='word_1_164' title='bbox 1229 2740 1439 2811; x_wconf 84' lang='lat' dir='ltr'>nobis</span> <span class='ocrx_word' id='word_1_165' title='bbox 1466 2741 1877 2813; x_wconf 81' lang='lat' dir='ltr'>amissorum</span> <span class='ocrx_word' id='word_1_166' title='bbox 1904 2766 2141 2814; x_wconf 86' lang='lat' dir='ltr'>recor-</span> 
     </span>
     <span class='ocr_line' id='line_1_23' title="bbox 225 2848 2147 2943; baseline -0.001 -20"><span class='ocrx_word' id='word_1_167' title='bbox 225 2853 426 2923; x_wconf 90' lang='lat' dir='ltr'>datio</span> <span class='ocrx_word' id='word_1_168' title='bbox 443 2881 464 2924; x_wconf 74' lang='lat'>:</span> <span class='ocrx_word' id='word_1_169' title='bbox 491 2876 716 2923; x_wconf 87' lang='lat' dir='ltr'>nemo</span> <span class='ocrx_word' id='word_1_170' title='bbox 737 2850 1045 2922; x_wconf 81' lang='lat' dir='ltr'>libenter</span> <span class='ocrx_word' id='word_1_171' title='bbox 1071 2849 1162 2919; x_wconf 84' lang='lat' dir='ltr'>ad</span> <span class='ocrx_word' id='word_1_172' title='bbox 1186 2848 1264 2918; x_wconf 89' lang='lat' dir='ltr'>id</span> <span class='ocrx_word' id='word_1_173' title='bbox 1295 2848 1483 2920; x_wconf 82' lang='lat' dir='ltr'>redit</span> <span class='ocrx_word' id='word_1_174' title='bbox 1502 2899 1525 2936; x_wconf 89' lang='lat'>‚</span> <span class='ocrx_word' id='word_1_175' title='bbox 1562 2850 1768 2943; x_wconf 90' lang='lat' dir='ltr'>quod</span> <span class='ocrx_word' id='word_1_176' title='bbox 1792 2874 1945 2920; x_wconf 90' lang='lat' dir='ltr'>non</span> <span class='ocrx_word' id='word_1_177' title='bbox 1987 2851 2147 2921; x_wconf 75' lang='lat' dir='ltr'>sine</span> 
     </span>
     <span class='ocr_line' id='line_1_24' title="bbox 222 2954 2139 3056; baseline -0.001 -25"><span class='ocrx_word' id='word_1_178' title='bbox 222 2974 596 3031; x_wconf 87' lang='lat' dir='ltr'>tormento</span> <span class='ocrx_word' id='word_1_179' title='bbox 621 2958 1050 3056; x_wconf 80' lang='lat' dir='ltr'>cogitaturus</span> <span class='ocrx_word' id='word_1_180' title='bbox 1074 2974 1196 3028; x_wconf 83' lang='lat' dir='ltr'>est.</span> <span class='ocrx_word' id='word_1_181' title='bbox 1237 2954 1311 3029; x_wconf 90' lang='lat' dir='ltr'>Si</span> <span class='ocrx_word' id='word_1_182' title='bbox 1343 2972 1587 3025; x_wconf 83' lang='lat' dir='ltr'>tamen</span> <span class='ocrx_word' id='word_1_183' title='bbox 1616 2956 1805 3025; x_wconf 80' lang='lat' dir='ltr'>istud</span> <span class='ocrx_word' id='word_1_184' title='bbox 1831 2956 1979 3026; x_wconf 87' lang='lat' dir='ltr'>fieri</span> <span class='ocrx_word' id='word_1_185' title='bbox 2007 2982 2139 3029; x_wconf 87' lang='lat' dir='ltr'>ne·-</span> 
     </span>
     <span class='ocr_line' id='line_1_25' title="bbox 222 3061 2137 3157; baseline -0.004 -15"><span class='ocrx_word' id='word_1_186' title='bbox 222 3094 410 3143; x_wconf 79' lang='lat' dir='ltr'>cesse</span> <span class='ocrx_word' id='word_1_187' title='bbox 431 3086 570 3156; x_wconf 81' lang='lat' dir='ltr'>est,</span> <span class='ocrx_word' id='word_1_188' title='bbox 599 3084 686 3141; x_wconf 88' lang='lat' dir='ltr'>ut</span> <span class='ocrx_word' id='word_1_189' title='bbox 709 3090 880 3138; x_wconf 90' lang='lat' dir='ltr'>cum</span> <span class='ocrx_word' id='word_1_190' title='bbox 913 3061 1156 3157; x_wconf 80' lang='lat' dir='ltr'>aliquo</span> <span class='ocrx_word' id='word_1_191' title='bbox 1181 3063 1388 3136; x_wconf 78' lang='lat' dir='ltr'>nobis</span> <span class='ocrx_word' id='word_1_192' title='bbox 1414 3088 1651 3135; x_wconf 85' lang='lat' dir='ltr'>morsu</span> <span class='ocrx_word' id='word_1_193' title='bbox 1691 3063 2137 3152; x_wconf 85' lang='lat' dir='ltr'>amissorum,</span> 
     </span>
     <span class='ocr_line' id='line_1_26' title="bbox 226 3165 2141 3272; baseline -0.003 -22"><span class='ocrx_word' id='word_1_194' title='bbox 226 3202 416 3272; x_wconf 83' lang='lat' dir='ltr'>quos</span> <span class='ocrx_word' id='word_1_195' title='bbox 455 3178 889 3264; x_wconf 70' lang='lat' dir='ltr'>amavimu8‚</span> <span class='ocrx_word' id='word_1_196' title='bbox 943 3196 1218 3245; x_wconf 87' lang='lat' dir='ltr'>nomen</span> <span class='ocrx_word' id='word_1_197' title='bbox 1255 3188 1577 3245; x_wconf 87' lang='lat' dir='ltr'>occurrat</span> <span class='ocrx_word' id='word_1_198' title='bbox 1600 3165 1789 3263; x_wconf 48' lang='lat' dir='ltr'>;.Jhsic</span> <span class='ocrx_word' id='word_1_199' title='bbox 1836 3196 2141 3266; x_wconf 88' lang='lat' dir='ltr'>quoque</span> 
     </span>
     <span class='ocr_line' id='line_1_27' title="bbox 223 3284 2145 3380; baseline -0.002 -17"><span class='ocrx_word' id='word_1_200' title='bbox 223 3284 501 3364; x_wconf 78' lang='lat' dir='ltr'>morsus</span> <span class='ocrx_word' id='word_1_201' title='bbox 535 3289 754 3361; x_wconf 86' lang='lat' dir='ltr'>habet</span> <span class='ocrx_word' id='word_1_202' title='bbox 781 3305 982 3366; x_wconf 78' lang='lat' dir='ltr'>suam</span> <span class='ocrx_word' id='word_1_203' title='bbox 1005 3289 1486 3380; x_wconf 68' lang='lat' dir='ltr'>voluptatem.</span> <span class='ocrx_word' id='word_1_204' title='bbox 1537 3286 1723 3356; x_wconf 87' lang='lat' dir='ltr'>Nam</span> <span class='ocrx_word' id='word_1_205' title='bbox 1741 3339 1770 3374; x_wconf 53' lang='lat'><em>7</em></span> <span class='ocrx_word' id='word_1_206' title='bbox 1792 3303 1873 3359; x_wconf 89' lang='lat' dir='ltr'>ut</span> <span class='ocrx_word' id='word_1_207' title='bbox 1904 3286 2145 3359; x_wconf 82' lang='lat' dir='ltr'>dicere</span> 
     </span>
     <span class='ocr_line' id='line_1_28' title="bbox 221 3396 2139 3497; baseline -0.001 -24"><span class='ocrx_word' id='word_1_208' title='bbox 221 3404 502 3474; x_wconf 78' lang='lat' dir='ltr'>solebat</span> <span class='ocrx_word' id='word_1_209' title='bbox 535 3400 668 3473; x_wconf 79' lang='lat' dir='ltr'>A&#39;T</span> <span class='ocrx_word' id='word_1_210' title='bbox 687 3421 804 3472; x_wconf 84' lang='grc' dir='ltr'>ΤΑ</span> <span class='ocrx_word' id='word_1_211' title='bbox 825 3420 940 3471; x_wconf 84' lang='lat' dir='ltr'>LU</span> <span class='ocrx_word' id='word_1_212' title='bbox 963 3420 1006 3473; x_wconf 76' lang='lat' dir='ltr'><strong>s</strong></span> <span class='ocrx_word' id='word_1_213' title='bbox 1049 3417 1320 3471; x_wconf 74' lang='lat' dir='ltr'>nostert</span> <span class='ocrx_word' id='word_1_214' title='bbox 1368 3396 1484 3469; x_wconf 72' lang='lat' dir='ltr'>Sic</span> <span class='ocrx_word' id='word_1_215' title='bbox 1512 3402 1857 3470; x_wconf 76' lang='lat' dir='ltr'>amicorum</span> <span class='ocrx_word' id='word_1_216' title='bbox 1903 3399 2139 3497; x_wconf 83' lang='lat' dir='ltr'>defun-</span> 
     </span>
     <span class='ocr_line' id='line_1_29' title="bbox 222 3507 2133 3634; baseline -0.003 -50"><span class='ocrx_word' id='word_1_217' title='bbox 222 3530 478 3584; x_wconf 81' lang='lat' dir='ltr'>ctorum</span> <span class='ocrx_word' id='word_1_218' title='bbox 501 3514 802 3583; x_wconf 81' lang='lat' dir='ltr'>memoria</span> <span class='ocrx_word' id='word_1_219' title='bbox 825 3511 1106 3581; x_wconf 84' lang='lat' dir='ltr'>iucunda</span> <span class='ocrx_word' id='word_1_220' title='bbox 1133 3526 1259 3583; x_wconf 65' lang='lat' dir='ltr'>est„</span> <span class='ocrx_word' id='word_1_221' title='bbox 1287 3507 1595 3634; x_wconf 44' lang='lat' dir='ltr'>quomodo.</span> <span class='ocrx_word' id='word_1_222' title='bbox 1605 3532 1801 3611; x_wconf 83' lang='lat' dir='ltr'>poma</span> <span class='ocrx_word' id='word_1_223' title='bbox 1822 3510 2133 3607; x_wconf 82' lang='lat' dir='ltr'>quaedam</span> 
     </span>
     <span class='ocr_line' id='line_1_30' title="bbox 220 3618 2139 3717; baseline -0.002 -25"><span class='ocrx_word' id='word_1_224' title='bbox 220 3638 380 3693; x_wconf 80' lang='lat' dir='ltr'>sunt</span> <span class='ocrx_word' id='word_1_225' title='bbox 425 3624 712 3701; x_wconf 69' lang='lat' dir='ltr'>suaviter</span> <span class='ocrx_word' id='word_1_226' title='bbox 753 3646 1020 3717; x_wconf 62' lang='lat' dir='ltr'>aspera⁴</span> <span class='ocrx_word' id='word_1_227' title='bbox 1069 3618 1368 3715; x_wconf 81' lang='lat' dir='ltr'>quomodo</span> <span class='ocrx_word' id='word_1_228' title='bbox 1402 3619 1489 3698; x_wconf 86' lang='lat' dir='ltr'>in</span> <span class='ocrx_word' id='word_1_229' title='bbox 1526 3620 1671 3688; x_wconf 81' lang='lat' dir='ltr'>vino</span> <span class='ocrx_word' id='word_1_230' title='bbox 1714 3618 1905 3687; x_wconf 78' lang='lat' dir='ltr'>nimis</span> <span class='ocrx_word' id='word_1_231' title='bbox 1936 3619 2139 3689; x_wconf 81' lang='lat' dir='ltr'>veteri</span> 
     </span>
     <span class='ocr_line' id='line_1_31' title="bbox 222 3729 2135 3831; baseline -0.001 -30"><span class='ocrx_word' id='word_1_232' title='bbox 222 3735 368 3831; x_wconf 80' lang='lat' dir='ltr'>ipsa</span> <span class='ocrx_word' id='word_1_233' title='bbox 383 3752 497 3803; x_wconf 81' lang='lat' dir='ltr'>nos</span> <span class='ocrx_word' id='word_1_234' title='bbox 521 3732 889 3805; x_wconf 77' lang='lat' dir='ltr'>amaritudo</span> <span class='ocrx_word' id='word_1_235' title='bbox 913 3731 1227 3803; x_wconf 78' lang='lat' dir='ltr'>delectat.-</span> <span class='ocrx_word' id='word_1_236' title='bbox 1243 3748 1437 3827; x_wconf 81' lang='lat' dir='ltr'>quum</span> <span class='ocrx_word' id='word_1_237' title='bbox 1458 3752 1603 3800; x_wconf 78' lang='lat' dir='ltr'>vero</span> <span class='ocrx_word' id='word_1_238' title='bbox 1618 3729 1967 3801; x_wconf 77' lang='lat' dir='ltr'>intervenit</span> <span class='ocrx_word' id='word_1_239' title='bbox 1988 3754 2135 3828; x_wconf 81' lang='lat' dir='ltr'>spa-</span> 
     </span>
    </p>
   </div>
   <div class='ocr_carea' id='block_1_3' title="bbox 220 3841 2183 3943">
    <p class='ocr_par' dir='ltr' id='par_1_3' title="bbox 220 3841 2183 3943">
     <span class='ocr_line' id='line_1_32' title="bbox 220 3841 2183 3943; baseline -0.001 -29"><span class='ocrx_word' id='word_1_240' title='bbox 220 3845 424 3920; x_wconf 80' lang='lat' dir='ltr'>tium.</span> <span class='ocrx_word' id='word_1_241' title='bbox 459 3868 678 3921; x_wconf 80' lang='lat' dir='ltr'>omne.</span> <span class='ocrx_word' id='word_1_242' title='bbox 699 3844 868 3943; x_wconf 79' lang='lat' dir='ltr'>quod</span> <span class='ocrx_word' id='word_1_243' title='bbox 888 3842 1208 3940; x_wconf 72' lang='lat' dir='ltr'>angebat.</span> <span class='ocrx_word' id='word_1_244' title='bbox 1236 3842 1727 3939; x_wconf 72' lang='lat' dir='ltr'>exstmguieur.</span> <span class='ocrx_word' id='word_1_245' title='bbox 1742 3858 1837 3915; x_wconf 74' lang='lat' dir='ltr'>et</span> <span class='ocrx_word' id='word_1_246' title='bbox 1848 3866 2023 3943; x_wconf 82' lang='lat' dir='ltr'>pura</span> <span class='ocrx_word' id='word_1_247' title='bbox 2044 3841 2137 3915; x_wconf 81' lang='lat' dir='ltr'>ad</span> <span class='ocrx_word' id='word_1_248' title='bbox 2178 3860 2183 3865; x_wconf 81' lang='grc'><em>’</em></span> 
     </span>
    </p>
   </div>
  </div>
 </body>
</html>
