<?xml version="1.0" encoding="UTF-8"?>
<!DOCTYPE html PUBLIC "-//W3C//DTD XHTML 1.0 Transitional//EN"
    "http://www.w3.org/TR/xhtml1/DTD/xhtml1-transitional.dtd">
<html xmlns="http://www.w3.org/1999/xhtml" xml:lang="en" lang="en">
 <head>
  <title>
</title>
<meta http-equiv="Content-Type" content="text/html;charset=utf-8" />
  <meta name='ocr-system' content='tesseract 3.04.00' />
  <meta name='ocr-capabilities' content='ocr_page ocr_carea ocr_par ocr_line ocrx_word'/>
</head>
<body>
  <div class='ocr_page' id='page_1' title='image "./lannaeisenecaea01bipogoog_0225.png"; bbox 0 0 2809 4850; ppageno 0'>
   <div class='ocr_carea' id='block_1_1' title="bbox 591 351 2271 494">
    <p class='ocr_par' dir='ltr' id='par_1_1' title="bbox 591 351 2271 494">
     <span class='ocr_line' id='line_1_1' title="bbox 591 351 2271 494; baseline 0.004 -30"><span class='ocrx_word' id='word_1_1' title='bbox 591 351 1819 479; x_wconf 71' lang='lat' dir='ltr'>EPISTOLA&#39;LXV1.&#39;</span> <span class='ocrx_word' id='word_1_2' title='bbox 2014 375 2156 494; x_wconf 53' lang='lat'><strong>51,</strong></span> <span class='ocrx_word' id='word_1_3' title='bbox 2264 466 2271 482; x_wconf 87' lang='grc'>,</span> 
     </span>
    </p>
   </div>
   <div class='ocr_carea' id='block_1_2' title="bbox 195 555 2263 3909">
    <p class='ocr_par' dir='ltr' id='par_1_2' title="bbox 228 555 2162 766">
     <span class='ocr_line' id='line_1_2' title="bbox 228 555 2162 654; baseline 0.001 -24"><span class='ocrx_word' id='word_1_4' title='bbox 228 557 740 651; x_wconf 77' lang='lat' dir='ltr'><strong>rationemque</strong></span> <span class='ocrx_word' id='word_1_5' title='bbox 783 556 1251 646; x_wconf 82' lang='lat' dir='ltr'><strong>comitantur;</strong></span> <span class='ocrx_word' id='word_1_6' title='bbox 1298 555 1545 630; x_wconf 81' lang='lat' dir='ltr'><strong>Virtus</strong></span> <span class='ocrx_word' id='word_1_7' title='bbox 1578 571 1840 654; x_wconf 82' lang='lat' dir='ltr'><strong>aequat</strong></span> <span class='ocrx_word' id='word_1_8' title='bbox 1868 558 2055 631; x_wconf 82' lang='lat' dir='ltr'><strong>inter</strong></span> <span class='ocrx_word' id='word_1_9' title='bbox 2086 581 2162 632; x_wconf 79' lang='lat' dir='ltr'><strong>se</strong></span> 
     </span>
     <span class='ocr_line' id='line_1_3' title="bbox 229 665 1014 766; baseline -0.001 -26"><span class='ocrx_word' id='word_1_10' title='bbox 229 665 604 764; x_wconf 84' lang='lat' dir='ltr'><strong>quidquid</strong></span> <span class='ocrx_word' id='word_1_11' title='bbox 635 668 1014 766; x_wconf 84' lang='lat' dir='ltr'><strong>agnoscit.</strong></span> 
     </span>
    </p>

    <p class='ocr_par' dir='ltr' id='par_1_3' title="bbox 195 776 2263 3381">
     <span class='ocr_line' id='line_1_4' title="bbox 195 776 2156 877; baseline -0.002 -26"><span class='ocrx_word' id='word_1_12' title='bbox 195 819 200 822; x_wconf 95' lang='lat'>·</span> <span class='ocrx_word' id='word_1_13' title='bbox 332 779 490 851; x_wconf 89' lang='lat' dir='ltr'><strong>Nec</strong></span> <span class='ocrx_word' id='word_1_14' title='bbox 513 791 618 848; x_wconf 81' lang='lat' dir='ltr'><strong>est</strong></span> <span class='ocrx_word' id='word_1_15' title='bbox 647 799 870 877; x_wconf 85' lang='lat' dir='ltr'><strong>quare</strong></span> <span class='ocrx_word' id='word_1_16' title='bbox 908 777 1050 848; x_wconf 87' lang='lat' dir='ltr'><strong>hoc</strong></span> <span class='ocrx_word' id='word_1_17' title='bbox 1080 777 1270 850; x_wconf 85' lang='lat' dir='ltr'><strong>inter</strong></span> <span class='ocrx_word' id='word_1_18' title='bbox 1301 791 1561 872; x_wconf 18' lang='lat' dir='ltr'><strong>nostra·</strong></span> <span class='ocrx_word' id='word_1_19' title='bbox 1581 776 1835 870; x_wconf 85' lang='lat' dir='ltr'><strong>placita</strong></span> <span class='ocrx_word' id='word_1_20' title='bbox 1865 777 2156 850; x_wconf 79' lang='lat' dir='ltr'><strong>mireris.</strong></span> 
     </span>
     <span class='ocr_line' id='line_1_5' title="bbox 231 885 2161 985; baseline 0.002 -28"><span class='ocrx_word' id='word_1_21' title='bbox 231 885 456 982; x_wconf 75' lang='lat' dir='ltr'><strong>Apud</strong></span> <span class='ocrx_word' id='word_1_22' title='bbox 483 887 543 956; x_wconf 93' lang='lat' dir='ltr'>E</span> <span class='ocrx_word' id='word_1_23' title='bbox 559 905 604 957; x_wconf 75' lang='lat' dir='ltr'>P</span> <span class='ocrx_word' id='word_1_24' title='bbox 620 903 710 957; x_wconf 77' lang='lat' dir='ltr'><strong>rc</strong></span> <span class='ocrx_word' id='word_1_25' title='bbox 729 903 786 956; x_wconf 78' lang='lat' dir='ltr'>u</span> <span class='ocrx_word' id='word_1_26' title='bbox 804 905 855 959; x_wconf 71' lang='lat' dir='ltr'>R</span> <span class='ocrx_word' id='word_1_27' title='bbox 875 902 929 956; x_wconf 77' lang='lat' dir='ltr'>U</span> <span class='ocrx_word' id='word_1_28' title='bbox 945 903 1012 958; x_wconf 80' lang='grc' dir='ltr'>Μ</span> <span class='ocrx_word' id='word_1_29' title='bbox 1051 887 1174 958; x_wconf 81' lang='lat' dir='ltr'><strong>duo</strong></span> <span class='ocrx_word' id='word_1_30' title='bbox 1205 888 1368 960; x_wconf 78' lang='lat' dir='ltr'><strong>bona</strong></span> <span class='ocrx_word' id='word_1_31' title='bbox 1393 903 1604 984; x_wconf 64' lang='lat' dir='ltr'><strong>sunt,</strong></span> <span class='ocrx_word' id='word_1_32' title='bbox 1631 913 1712 960; x_wconf 84' lang='lat' dir='ltr'><strong>ex</strong></span> <span class='ocrx_word' id='word_1_33' title='bbox 1741 889 1965 985; x_wconf 74' lang='lat' dir='ltr'><strong>quibus</strong></span> <span class='ocrx_word' id='word_1_34' title='bbox 1986 909 2161 960; x_wconf 73' lang='lat' dir='ltr'><strong>sum·</strong></span> 
     </span>
     <span class='ocr_line' id='line_1_6' title="bbox 227 997 2161 1098; baseline 0.001 -30"><span class='ocrx_word' id='word_1_35' title='bbox 227 1023 410 1068; x_wconf 77' lang='lat' dir='ltr'><strong>mum</strong></span> <span class='ocrx_word' id='word_1_36' title='bbox 449 997 620 1070; x_wconf 74' lang='lat' dir='ltr'><strong>illud</strong></span> <span class='ocrx_word' id='word_1_37' title='bbox 649 997 1024 1092; x_wconf 78' lang='lat' dir='ltr'><strong>beatumque</strong></span> <span class='ocrx_word' id='word_1_38' title='bbox 1069 1000 1483 1094; x_wconf 75' lang='lat' dir='ltr'><strong>conponiture</strong></span> <span class='ocrx_word' id='word_1_39' title='bbox 1520 1014 1597 1068; x_wconf 83' lang='lat' dir='ltr'><strong>ut</strong></span> <span class='ocrx_word' id='word_1_40' title='bbox 1630 1023 1855 1098; x_wconf 78' lang='lat' dir='ltr'><strong>corpus</strong></span> <span class='ocrx_word' id='word_1_41' title='bbox 1878 997 2017 1076; x_wconf 71' lang='lat' dir='ltr'><strong>sine</strong></span> <span class='ocrx_word' id='word_1_42' title='bbox 2042 998 2161 1070; x_wconf 78' lang='lat' dir='ltr'><strong>do-</strong></span> 
     </span>
     <span class='ocr_line' id='line_1_7' title="bbox 233 1098 2247 1202; baseline 0.001 -26"><span class='ocrx_word' id='word_1_43' title='bbox 233 1109 370 1177; x_wconf 76' lang='lat' dir='ltr'><strong>lore</strong></span> <span class='ocrx_word' id='word_1_44' title='bbox 396 1110 528 1181; x_wconf 77' lang='lat' dir='ltr'><strong>sit,</strong></span> <span class='ocrx_word' id='word_1_45' title='bbox 565 1109 824 1176; x_wconf 75' lang='lat' dir='ltr'><strong>animus</strong></span> <span class='ocrx_word' id='word_1_46' title='bbox 844 1105 981 1176; x_wconf 77' lang='lat' dir='ltr'><strong>sine</strong></span> <span class='ocrx_word' id='word_1_47' title='bbox 1001 1105 1507 1202; x_wconf 62' lang='lat' dir='ltr'><strong>pet-turbariam.</strong></span> <span class='ocrx_word' id='word_1_48' title='bbox 1560 1103 1755 1175; x_wconf 88' lang='lat' dir='ltr'><strong>Haec</strong></span> <span class='ocrx_word' id='word_1_49' title='bbox 1783 1098 2158 1178; x_wconf 57' lang='lat' dir='ltr'><strong>bona&#39;non</strong></span> <span class='ocrx_word' id='word_1_50' title='bbox 2236 1098 2247 1106; x_wconf 74' lang='grc'><em>’</em></span> 
     </span>
     <span class='ocr_line' id='line_1_8' title="bbox 228 1209 2159 1308; baseline -0.002 -17"><span class='ocrx_word' id='word_1_51' title='bbox 228 1230 603 1305; x_wconf 81' lang='lat' dir='ltr'><strong>crescunt,</strong></span> <span class='ocrx_word' id='word_1_52' title='bbox 649 1213 704 1284; x_wconf 88' lang='lat' dir='ltr'><strong>si</strong></span> <span class='ocrx_word' id='word_1_53' title='bbox 738 1215 952 1308; x_wconf 82' lang='lat' dir='ltr'><strong>plena</strong></span> <span class='ocrx_word' id='word_1_54' title='bbox 993 1229 1198 1284; x_wconf 82' lang='lat' dir='ltr'><strong>sunt:</strong></span> <span class='ocrx_word' id='word_1_55' title='bbox 1239 1235 1390 1306; x_wconf 86' lang='lat' dir='ltr'><strong>quo</strong></span> <span class='ocrx_word' id='word_1_56' title='bbox 1428 1211 1621 1283; x_wconf 83' lang='lat' dir='ltr'><strong>enim</strong></span> <span class='ocrx_word' id='word_1_57' title='bbox 1660 1226 1925 1283; x_wconf 77' lang='lat' dir='ltr'>crescet</span> <span class='ocrx_word' id='word_1_58' title='bbox 1952 1209 2159 1304; x_wconf 85' lang='lat' dir='ltr'><strong>quod</strong></span> 
     </span>
     <span class='ocr_line' id='line_1_9' title="bbox 228 1320 2161 1420; baseline -0.001 -24"><span class='ocrx_word' id='word_1_59' title='bbox 228 1328 539 1420; x_wconf 87' lang='lat' dir='ltr'><strong>plenum</strong></span> <span class='ocrx_word' id='word_1_60' title='bbox 597 1323 747 1396; x_wconf 76' lang='lat' dir='ltr'><strong>est?</strong></span> <span class='ocrx_word' id='word_1_61' title='bbox 783 1322 1058 1394; x_wconf 86' lang='lat' dir='ltr'>Dolore</span> <span class='ocrx_word' id='word_1_62' title='bbox 1099 1345 1364 1416; x_wconf 85' lang='lat' dir='ltr'><strong>corpus</strong></span> <span class='ocrx_word' id='word_1_63' title='bbox 1385 1338 1610 1409; x_wconf 81' lang='lat' dir='ltr'><strong>caret3</strong></span> <span class='ocrx_word' id='word_1_64' title='bbox 1654 1321 1841 1416; x_wconf 85' lang='lat' dir='ltr'><strong>quid</strong></span> <span class='ocrx_word' id='word_1_65' title='bbox 1866 1320 1957 1394; x_wconf 79' lang='lat' dir='ltr'><strong>ad</strong></span> <span class='ocrx_word' id='word_1_66' title='bbox 1977 1322 2161 1396; x_wconf 83' lang='lat' dir='ltr'><strong>hanc</strong></span> 
     </span>
     <span class='ocr_line' id='line_1_10' title="bbox 230 1427 2162 1521; baseline -0.004 -17"><span class='ocrx_word' id='word_1_67' title='bbox 230 1431 572 1504; x_wconf 82' lang='lat' dir='ltr'><strong>accedere</strong></span> <span class='ocrx_word' id='word_1_68' title='bbox 597 1429 1067 1502; x_wconf 81' lang='lat' dir='ltr'><strong>indolentiam</strong></span> <span class='ocrx_word' id='word_1_69' title='bbox 1098 1427 1382 1521; x_wconf 82' lang='lat' dir='ltr'><strong>potest?</strong></span> <span class='ocrx_word' id='word_1_70' title='bbox 1424 1427 1725 1498; x_wconf 87' lang='lat' dir='ltr'><strong>Animus</strong></span> <span class='ocrx_word' id='word_1_71' title='bbox 1751 1442 2033 1500; x_wconf 77' lang='lat' dir='ltr'><strong>constat</strong></span> <span class='ocrx_word' id='word_1_72' title='bbox 2066 1428 2162 1511; x_wconf 70' lang='lat' dir='ltr'><strong>si·-¹</strong></span> 
     </span>
     <span class='ocr_line' id='line_1_11' title="bbox 227 1534 2163 1632; baseline -0.002 -20"><span class='ocrx_word' id='word_1_73' title='bbox 227 1537 362 1628; x_wconf 84' lang='lat' dir='ltr'><strong>bi,</strong></span> <span class='ocrx_word' id='word_1_74' title='bbox 407 1553 484 1610; x_wconf 89' lang='lat' dir='ltr'><strong>et</strong></span> <span class='ocrx_word' id='word_1_75' title='bbox 522 1535 842 1632; x_wconf 86' lang='lat' dir='ltr'><strong>placidus</strong></span> <span class='ocrx_word' id='word_1_76' title='bbox 877 1550 1022 1609; x_wconf 83' lang='lat' dir='ltr'><strong>est·</strong></span> <span class='ocrx_word' id='word_1_77' title='bbox 1003 1587 1023 1622; x_wconf 89' lang='lat'>‚</span> <span class='ocrx_word' id='word_1_78' title='bbox 1053 1534 1234 1628; x_wconf 82' lang='lat' dir='ltr'><strong>quid</strong></span> <span class='ocrx_word' id='word_1_79' title='bbox 1259 1536 1593 1612; x_wconf 80' lang='lat' dir='ltr'><strong>accedere</strong></span> <span class='ocrx_word' id='word_1_80' title='bbox 1620 1536 1715 1609; x_wconf 83' lang='lat' dir='ltr'><strong>ad</strong></span> <span class='ocrx_word' id='word_1_81' title='bbox 1754 1537 1936 1608; x_wconf 89' lang='lat' dir='ltr'><strong>hanc</strong></span> <span class='ocrx_word' id='word_1_82' title='bbox 1964 1551 2163 1612; x_wconf 84' lang='lat' dir='ltr'><strong>tran-</strong></span> 
     </span>
     <span class='ocr_line' id='line_1_12' title="bbox 233 1640 2161 1769; baseline -0.001 -50"><span class='ocrx_word' id='word_1_83' title='bbox 233 1640 672 1742; x_wconf 85' lang='lat' dir='ltr'><strong>quillitatem</strong></span> <span class='ocrx_word' id='word_1_84' title='bbox 691 1645 980 1769; x_wconf 84' lang='lat' dir='ltr'><strong>potest?</strong></span> <span class='ocrx_word' id='word_1_85' title='bbox 995 1643 1646 1768; x_wconf 77' lang='lat' dir='ltr'><strong>Quemadmodum</strong></span> <span class='ocrx_word' id='word_1_86' title='bbox 1667 1646 1993 1718; x_wconf 78' lang='lat' dir='ltr'><strong>serenitas</strong></span> <span class='ocrx_word' id='word_1_87' title='bbox 2008 1669 2161 1720; x_wconf 86' lang='lat' dir='ltr'><strong>coe·</strong></span> 
     </span>
     <span class='ocr_line' id='line_1_13' title="bbox 232 1752 2162 1880; baseline 0.001 -54"><span class='ocrx_word' id='word_1_88' title='bbox 232 1757 290 1826; x_wconf 86' lang='lat' dir='ltr'><strong>li</strong></span> <span class='ocrx_word' id='word_1_89' title='bbox 315 1779 472 1826; x_wconf 87' lang='lat' dir='ltr'><strong>non</strong></span> <span class='ocrx_word' id='word_1_90' title='bbox 511 1753 778 1880; x_wconf 82' lang='lat' dir='ltr'><strong>recipit</strong></span> <span class='ocrx_word' id='word_1_91' title='bbox 783 1755 1129 1826; x_wconf 84' lang='lat' dir='ltr'><strong>maiorem</strong></span> <span class='ocrx_word' id='word_1_92' title='bbox 1165 1753 1400 1826; x_wconf 85' lang='lat' dir='ltr'><strong>adhuc</strong></span> <span class='ocrx_word' id='word_1_93' title='bbox 1426 1752 1855 1842; x_wconf 83' lang='lat' dir='ltr'><strong>claritatem,</strong></span> <span class='ocrx_word' id='word_1_94' title='bbox 1892 1757 1973 1826; x_wconf 88' lang='lat' dir='ltr'><strong>in</strong></span> <span class='ocrx_word' id='word_1_95' title='bbox 2012 1755 2162 1828; x_wconf 84' lang='lat' dir='ltr'><strong>sin-</strong></span> 
     </span>
     <span class='ocr_line' id='line_1_14' title="bbox 233 1860 2161 1962; baseline 0.001 -26"><span class='ocrx_word' id='word_1_96' title='bbox 233 1866 672 1938; x_wconf 86' lang='lat' dir='ltr'><strong>cerissimum</strong></span> <span class='ocrx_word' id='word_1_97' title='bbox 705 1860 1018 1936; x_wconf 78' lang='lat' dir='ltr'><strong>nitorem</strong></span> <span class='ocrx_word' id='word_1_98' title='bbox 1041 1866 1455 1962; x_wconf 64' lang='lat' dir='ltr'><strong>repurgatag.</strong></span> <span class='ocrx_word' id='word_1_99' title='bbox 1489 1864 1585 1935; x_wconf 87' lang='lat' dir='ltr'><strong>sic</strong></span> <span class='ocrx_word' id='word_1_100' title='bbox 1612 1864 1963 1954; x_wconf 85' lang='lat' dir='ltr'><strong>hominis,</strong></span> <span class='ocrx_word' id='word_1_101' title='bbox 1998 1887 2161 1937; x_wconf 85' lang='lat' dir='ltr'><strong>cor·-</strong></span> 
     </span>
     <span class='ocr_line' id='line_1_15' title="bbox 231 1966 2161 2071; baseline 0.001 -27"><span class='ocrx_word' id='word_1_102' title='bbox 231 1999 373 2069; x_wconf 83' lang='lat' dir='ltr'><strong>pus</strong></span> <span class='ocrx_word' id='word_1_103' title='bbox 413 1974 888 2071; x_wconf 63' lang='lat' dir='ltr'><strong>animumque</strong></span> <span class='ocrx_word' id='word_1_104' title='bbox 939 1973 1288 2059; x_wconf 85' lang='lat' dir='ltr'><strong>curantis,</strong></span> <span class='ocrx_word' id='word_1_105' title='bbox 1343 1991 1420 2042; x_wconf 84' lang='lat' dir='ltr'><strong>et</strong></span> <span class='ocrx_word' id='word_1_106' title='bbox 1464 1966 1752 2052; x_wconf 66' lang='lat' dir='ltr'><strong>bon&#39;um</strong></span> <span class='ocrx_word' id='word_1_107' title='bbox 1802 1997 2014 2048; x_wconf 82' lang='lat' dir='ltr'><strong>suum</strong></span> <span class='ocrx_word' id='word_1_108' title='bbox 2066 1997 2161 2046; x_wconf 80' lang='lat' dir='ltr'><strong>ex</strong></span> 
     </span>
     <span class='ocr_line' id='line_1_16' title="bbox 233 2075 2163 2176; baseline -0.001 -21"><span class='ocrx_word' id='word_1_109' title='bbox 233 2101 554 2176; x_wconf 85' lang='lat' dir='ltr'><strong>utroque</strong></span> <span class='ocrx_word' id='word_1_110' title='bbox 579 2078 928 2152; x_wconf 80' lang='lat' dir='ltr'><strong>nectentis</strong></span> <span class='ocrx_word' id='word_1_111' title='bbox 953 2129 976 2168; x_wconf 87' lang='lat'><strong>,</strong></span> <span class='ocrx_word' id='word_1_112' title='bbox 1015 2075 1370 2174; x_wconf 83' lang='lat' dir='ltr'><strong>perfectus</strong></span> <span class='ocrx_word' id='word_1_113' title='bbox 1418 2093 1523 2152; x_wconf 83' lang='lat' dir='ltr'><strong>est</strong></span> <span class='ocrx_word' id='word_1_114' title='bbox 1558 2087 1816 2169; x_wconf 80' lang='lat' dir='ltr'><strong>status,</strong></span> <span class='ocrx_word' id='word_1_115' title='bbox 1860 2095 2163 2154; x_wconf 81' lang='lat' dir='ltr'><strong>etsum-</strong></span> 
     </span>
     <span class='ocr_line' id='line_1_17' title="bbox 236 2188 2159 2279; baseline -0.002 -15"><span class='ocrx_word' id='word_1_116' title='bbox 236 2213 434 2266; x_wconf 85' lang='lat' dir='ltr'><strong>mam</strong></span> <span class='ocrx_word' id='word_1_117' title='bbox 473 2191 628 2263; x_wconf 79' lang='lat' dir='ltr'><strong>voti</strong></span> <span class='ocrx_word' id='word_1_118' title='bbox 669 2190 780 2261; x_wconf 84' lang='lat' dir='ltr'><strong>sui</strong></span> <span class='ocrx_word' id='word_1_119' title='bbox 808 2188 1082 2260; x_wconf 85' lang='lat' dir='ltr'><strong>invenit</strong></span> <span class='ocrx_word' id='word_1_120' title='bbox 1102 2238 1127 2275; x_wconf 98' lang='lat'><strong>,</strong></span> <span class='ocrx_word' id='word_1_121' title='bbox 1173 2190 1228 2258; x_wconf 82' lang='lat' dir='ltr'><strong>si</strong></span> <span class='ocrx_word' id='word_1_122' title='bbox 1271 2210 1405 2259; x_wconf 87' lang='lat' dir='ltr'><strong>nec</strong></span> <span class='ocrx_word' id='word_1_123' title='bbox 1446 2205 1675 2262; x_wconf 85' lang='lat' dir='ltr'><strong>aestus</strong></span> <span class='ocrx_word' id='word_1_124' title='bbox 1716 2191 1963 2262; x_wconf 89' lang='lat' dir='ltr'><strong>animo</strong></span> <span class='ocrx_word' id='word_1_125' title='bbox 2011 2205 2159 2279; x_wconf 78' lang='lat' dir='ltr'><strong>est,</strong></span> 
     </span>
     <span class='ocr_line' id='line_1_18' title="bbox 235 2295 2165 2392; baseline -0.002 -19"><span class='ocrx_word' id='word_1_126' title='bbox 235 2325 376 2386; x_wconf 72' lang='lat' dir='ltr'><strong>nec</strong></span> <span class='ocrx_word' id='word_1_127' title='bbox 405 2299 616 2372; x_wconf 84' lang='lat' dir='ltr'><strong>dolor</strong></span> <span class='ocrx_word' id='word_1_128' title='bbox 638 2299 941 2392; x_wconf 81' lang='lat' dir='ltr'><strong>corpori.</strong></span> <span class='ocrx_word' id='word_1_129' title='bbox 967 2295 1043 2367; x_wconf 88' lang='lat' dir='ltr'><strong>Si</strong></span> <span class='ocrx_word' id='word_1_130' title='bbox 1070 2321 1215 2389; x_wconf 86' lang='lat' dir='ltr'><strong>qua</strong></span> <span class='ocrx_word' id='word_1_131' title='bbox 1241 2313 1439 2368; x_wconf 81' lang='lat' dir='ltr'><strong>extra</strong></span> <span class='ocrx_word' id='word_1_132' title='bbox 1462 2296 1957 2374; x_wconf 83' lang='lat' dir='ltr'><strong>blandimenta</strong></span> <span class='ocrx_word' id='word_1_133' title='bbox 1980 2295 2165 2371; x_wconf 86' lang='lat' dir='ltr'><strong>con-</strong></span> 
     </span>
     <span class='ocr_line' id='line_1_19' title="bbox 234 2407 2163 2511; baseline -0.001 -27"><span class='ocrx_word' id='word_1_134' title='bbox 234 2415 530 2511; x_wconf 84' lang='lat' dir='ltr'><strong>tingunt</strong></span> <span class='ocrx_word' id='word_1_135' title='bbox 549 2461 574 2499; x_wconf 90' lang='lat'><strong>,</strong></span> <span class='ocrx_word' id='word_1_136' title='bbox 606 2432 763 2483; x_wconf 84' lang='lat' dir='ltr'><strong>non</strong></span> <span class='ocrx_word' id='word_1_137' title='bbox 793 2424 1058 2507; x_wconf 80' lang='lat' dir='ltr'><strong>augent</strong></span> <span class='ocrx_word' id='word_1_138' title='bbox 1079 2432 1451 2480; x_wconf 85' lang='lat' dir='ltr'><strong>summum</strong></span> <span class='ocrx_word' id='word_1_139' title='bbox 1493 2407 1822 2495; x_wconf 82' lang='lat' dir='ltr'><strong>bonum3</strong></span> <span class='ocrx_word' id='word_1_140' title='bbox 1871 2409 2040 2500; x_wconf 81' lang='lat' dir='ltr'><strong>sed,</strong></span> <span class='ocrx_word' id='word_1_141' title='bbox 2074 2424 2163 2483; x_wconf 86' lang='lat' dir='ltr'><strong>ut</strong></span> 
     </span>
     <span class='ocr_line' id='line_1_20' title="bbox 231 2514 2263 2607; baseline -0.001 -14"><span class='ocrx_word' id='word_1_142' title='bbox 231 2524 336 2593; x_wconf 82' lang='lat' dir='ltr'><strong>ita</strong></span> <span class='ocrx_word' id='word_1_143' title='bbox 395 2521 630 2591; x_wconf 84' lang='lat' dir='ltr'><strong>dicam</strong></span> <span class='ocrx_word' id='word_1_144' title='bbox 657 2570 682 2607; x_wconf 97' lang='lat'><strong>,</strong></span> <span class='ocrx_word' id='word_1_145' title='bbox 739 2516 1096 2591; x_wconf 86' lang='lat' dir='ltr'><strong>condiunt</strong></span> <span class='ocrx_word' id='word_1_146' title='bbox 1151 2532 1226 2589; x_wconf 87' lang='lat' dir='ltr'><strong>et</strong></span> <span class='ocrx_word' id='word_1_147' title='bbox 1274 2516 1683 2590; x_wconf 75' lang='lat' dir='ltr'><strong>oblectant:</strong></span> <span class='ocrx_word' id='word_1_148' title='bbox 1740 2515 2157 2591; x_wconf 83' lang='lat' dir='ltr'><strong>absolutum</strong></span> <span class='ocrx_word' id='word_1_149' title='bbox 2248 2514 2263 2521; x_wconf 76' lang='grc'><strong><em>’</em></strong></span> 
     </span>
     <span class='ocr_line' id='line_1_21' title="bbox 233 2614 2162 2721; baseline -0.001 -20"><span class='ocrx_word' id='word_1_150' title='bbox 233 2631 434 2701; x_wconf 85' lang='lat' dir='ltr'><strong>enim</strong></span> <span class='ocrx_word' id='word_1_151' title='bbox 462 2628 645 2699; x_wconf 79' lang='lat' dir='ltr'><strong>illud</strong></span> <span class='ocrx_word' id='word_1_152' title='bbox 673 2629 1030 2699; x_wconf 85' lang='lat' dir='ltr'><strong>humanae</strong></span> <span class='ocrx_word' id='word_1_153' title='bbox 1053 2614 1346 2697; x_wconf 79' lang='lat' dir='ltr'><strong>naturae</strong></span> <span class='ocrx_word' id='word_1_154' title='bbox 1374 2625 1661 2698; x_wconf 85' lang='lat' dir='ltr'><strong>bonum</strong></span> <span class='ocrx_word' id='word_1_155' title='bbox 1680 2677 1703 2714; x_wconf 90' lang='lat'><strong>,</strong></span> <span class='ocrx_word' id='word_1_156' title='bbox 1747 2626 2071 2721; x_wconf 69' lang='lat' dir='ltr'><strong>corporis</strong></span> <span class='ocrx_word' id='word_1_157' title='bbox 2086 2642 2162 2700; x_wconf 85' lang='lat' dir='ltr'><strong>et</strong></span> 
     </span>
     <span class='ocr_line' id='line_1_22' title="bbox 233 2732 2163 2831; baseline -0.004 -19"><span class='ocrx_word' id='word_1_158' title='bbox 233 2741 460 2813; x_wconf 83' lang='lat' dir='ltr'><strong>animi</strong></span> <span class='ocrx_word' id='word_1_159' title='bbox 507 2756 684 2831; x_wconf 85' lang='lat' dir='ltr'><strong>pace</strong></span> <span class='ocrx_word' id='word_1_160' title='bbox 729 2750 1158 2807; x_wconf 83' lang='lat' dir='ltr'><strong>contentum</strong></span> <span class='ocrx_word' id='word_1_161' title='bbox 1201 2751 1324 2805; x_wconf 84' lang='lat' dir='ltr'><strong>est.</strong></span> <span class='ocrx_word' id='word_1_162' title='bbox 1386 2732 1599 2807; x_wconf 85' lang='lat' dir='ltr'><strong>Dabo</strong></span> <span class='ocrx_word' id='word_1_163' title='bbox 1633 2735 1830 2830; x_wconf 87' lang='lat' dir='ltr'><strong>apud</strong></span> <span class='ocrx_word' id='word_1_164' title='bbox 1874 2737 2163 2818; x_wconf 74' lang='lat' dir='ltr'><strong>Emeu-</strong></span> 
     </span>
     <span class='ocr_line' id='line_1_23' title="bbox 231 2842 2161 2923; baseline -0.005 0"><span class='ocrx_word' id='word_1_165' title='bbox 231 2866 418 2923; x_wconf 74' lang='lat' dir='ltr'><strong>RtJM</strong></span> <span class='ocrx_word' id='word_1_166' title='bbox 447 2845 583 2918; x_wconf 86' lang='lat' dir='ltr'><strong>tibi</strong></span> <span class='ocrx_word' id='word_1_167' title='bbox 607 2844 820 2917; x_wconf 85' lang='lat' dir='ltr'><strong>etiam</strong></span> <span class='ocrx_word' id='word_1_168' title='bbox 843 2867 1041 2917; x_wconf 86' lang='lat' dir='ltr'><strong>nunc</strong></span> <span class='ocrx_word' id='word_1_169' title='bbox 1063 2842 1499 2913; x_wconf 71' lang='lat' dir='ltr'><strong>simillimam</strong></span> <span class='ocrx_word' id='word_1_170' title='bbox 1534 2844 1707 2914; x_wconf 84' lang='lat' dir='ltr'><strong>huic</strong></span> <span class='ocrx_word' id='word_1_171' title='bbox 1730 2862 2010 2917; x_wconf 87' lang='lat' dir='ltr'><strong>nostrae</strong></span> <span class='ocrx_word' id='word_1_172' title='bbox 2042 2844 2161 2915; x_wconf 82' lang='lat' dir='ltr'><strong>di·-</strong></span> 
     </span>
     <span class='ocr_line' id='line_1_24' title="bbox 233 2951 2157 3045; baseline -0.004 -14"><span class='ocrx_word' id='word_1_173' title='bbox 233 2960 586 3035; x_wconf 82' lang='lat' dir='ltr'><strong>visionem</strong></span> <span class='ocrx_word' id='word_1_174' title='bbox 621 2954 1006 3041; x_wconf 77' lang='lat' dir='ltr'><strong>bonorum.</strong></span> <span class='ocrx_word' id='word_1_175' title='bbox 1043 2954 1200 3024; x_wconf 73' lang='lat' dir='ltr'><strong>Alia</strong></span> <span class='ocrx_word' id='word_1_176' title='bbox 1239 2953 1435 3023; x_wconf 84' lang='lat' dir='ltr'><strong>enim</strong></span> <span class='ocrx_word' id='word_1_177' title='bbox 1482 2968 1638 3023; x_wconf 80' lang='lat' dir='ltr'><strong>sunt</strong></span> <span class='ocrx_word' id='word_1_178' title='bbox 1672 2951 1869 3045; x_wconf 86' lang='lat' dir='ltr'><strong>apud</strong></span> <span class='ocrx_word' id='word_1_179' title='bbox 1898 2952 2105 3023; x_wconf 79' lang='lat' dir='ltr'><strong>illum</strong></span> <span class='ocrx_word' id='word_1_180' title='bbox 2127 3000 2157 3038; x_wconf 83' lang='lat'>‚</span> 
     </span>
     <span class='ocr_line' id='line_1_25' title="bbox 234 3062 2165 3167; baseline -0.005 -28"><span class='ocrx_word' id='word_1_181' title='bbox 234 3093 402 3167; x_wconf 74' lang='lat' dir='ltr'><strong>quae</strong></span> <span class='ocrx_word' id='word_1_182' title='bbox 448 3068 640 3137; x_wconf 78' lang='lat' dir='ltr'><strong>malit</strong></span> <span class='ocrx_word' id='word_1_183' title='bbox 682 3068 1052 3157; x_wconf 77' lang='lat' dir='ltr'><strong>contingere</strong></span> <span class='ocrx_word' id='word_1_184' title='bbox 1089 3062 1216 3137; x_wconf 80' lang='lat' dir='ltr'><strong>sibi</strong></span> <span class='ocrx_word' id='word_1_185' title='bbox 1233 3085 1260 3133; x_wconf 83' lang='lat'><strong>,·</strong></span> <span class='ocrx_word' id='word_1_186' title='bbox 1299 3078 1377 3131; x_wconf 83' lang='lat' dir='ltr'><strong>ut</strong></span> <span class='ocrx_word' id='word_1_187' title='bbox 1414 3064 1689 3160; x_wconf 76' lang='lat' dir='ltr'><strong>corporis</strong></span> <span class='ocrx_word' id='word_1_188' title='bbox 1728 3064 2041 3159; x_wconf 78' lang='lat' dir='ltr'><strong>quietem,</strong></span> <span class='ocrx_word' id='word_1_189' title='bbox 2084 3062 2165 3131; x_wconf 78' lang='lat' dir='ltr'><strong>ab</strong></span> 
     </span>
     <span class='ocr_line' id='line_1_26' title="bbox 239 3168 2168 3255; baseline -0.004 -6"><span class='ocrx_word' id='word_1_190' title='bbox 239 3202 413 3251; x_wconf 69' lang='lat' dir='ltr'><strong>omna</strong></span> <span class='ocrx_word' id='word_1_191' title='bbox 398 3168 843 3245; x_wconf 79' lang='lat' dir='ltr'><strong>incommodo</strong></span> <span class='ocrx_word' id='word_1_192' title='bbox 867 3171 1176 3255; x_wconf 70' lang='lat' dir='ltr'><strong>liheraw</strong></span> <span class='ocrx_word' id='word_1_193' title='bbox 1215 3187 1282 3241; x_wconf 77' lang='lat' dir='ltr'><strong>et</strong></span> <span class='ocrx_word' id='word_1_194' title='bbox 1316 3171 1519 3241; x_wconf 83' lang='lat' dir='ltr'><strong>animi</strong></span> <span class='ocrx_word' id='word_1_195' title='bbox 1552 3173 2021 3247; x_wconf 75' lang='lat' dir='ltr'><strong>remissionem,</strong></span> <span class='ocrx_word' id='word_1_196' title='bbox 2056 3170 2168 3241; x_wconf 81' lang='lat' dir='ltr'><strong>bo·</strong></span> 
     </span>
     <span class='ocr_line' id='line_1_27' title="bbox 241 3276 2156 3381; baseline -0.004 -23"><span class='ocrx_word' id='word_1_197' title='bbox 241 3312 472 3359; x_wconf 78' lang='lat' dir='ltr'><strong>norum</strong></span> <span class='ocrx_word' id='word_1_198' title='bbox 513 3308 774 3356; x_wconf 80' lang='lat' dir='ltr'><strong>suorum</strong></span> <span class='ocrx_word' id='word_1_199' title='bbox 809 3281 1334 3381; x_wconf 74' lang='lat' dir='ltr'><strong>contemplatione</strong></span> <span class='ocrx_word' id='word_1_200' title='bbox 1367 3276 1761 3375; x_wconf 78' lang='lat' dir='ltr'><strong>gaudentis.-</strong></span> <span class='ocrx_word' id='word_1_201' title='bbox 1802 3282 1946 3353; x_wconf 75' lang='lat' dir='ltr'><strong>alia</strong></span> <span class='ocrx_word' id='word_1_202' title='bbox 1964 3298 2156 3356; x_wconf 76' lang='lat' dir='ltr'><strong>sunt,</strong></span> 
     </span>
    </p>

    <p class='ocr_par' dir='ltr' id='par_1_4' title="bbox 238 3389 2165 3707">
     <span class='ocr_line' id='line_1_28' title="bbox 238 3389 2163 3493; baseline -0.003 -26"><span class='ocrx_word' id='word_1_203' title='bbox 238 3421 440 3493; x_wconf 81' lang='lat' dir='ltr'><strong>quae</strong></span> <span class='ocrx_word' id='word_1_204' title='bbox 476 3395 764 3489; x_wconf 74' lang='lat' dir='ltr'><strong>quamvis</strong></span> <span class='ocrx_word' id='word_1_205' title='bbox 806 3392 972 3462; x_wconf 76' lang='lat' dir='ltr'><strong>nolit</strong></span> <span class='ocrx_word' id='word_1_206' title='bbox 1003 3390 1327 3467; x_wconf 76' lang='lat' dir='ltr'><strong>accidere.</strong></span> <span class='ocrx_word' id='word_1_207' title='bbox 1357 3389 1558 3461; x_wconf 70' lang='lat' dir='ltr'><strong>nihilo</strong></span> <span class='ocrx_word' id='word_1_208' title='bbox 1600 3393 1811 3461; x_wconf 77' lang='lat' dir='ltr'><strong>minus</strong></span> <span class='ocrx_word' id='word_1_209' title='bbox 1840 3408 1906 3461; x_wconf 83' lang='lat' dir='ltr'><strong>et</strong></span> <span class='ocrx_word' id='word_1_210' title='bbox 1930 3390 2163 3463; x_wconf 75' lang='lat' dir='ltr'><strong>laudat</strong></span> 
     </span>
     <span class='ocr_line' id='line_1_29' title="bbox 239 3499 2165 3601; baseline -0.003 -24"><span class='ocrx_word' id='word_1_211' title='bbox 239 3523 306 3577; x_wconf 79' lang='lat' dir='ltr'><strong>et</strong></span> <span class='ocrx_word' id='word_1_212' title='bbox 339 3502 732 3601; x_wconf 70' lang='lat' dir='ltr'><strong>conprobats</strong></span> <span class='ocrx_word' id='word_1_213' title='bbox 786 3515 1155 3591; x_wconf 83' lang='lat' dir='ltr'><strong>tamquam</strong></span> <span class='ocrx_word' id='word_1_214' title='bbox 1199 3500 1390 3575; x_wconf 82' lang='lat' dir='ltr'><strong>illam</strong></span> <span class='ocrx_word' id='word_1_215' title='bbox 1418 3550 1441 3585; x_wconf 88' lang='lat'>‚</span> <span class='ocrx_word' id='word_1_216' title='bbox 1482 3499 1703 3591; x_wconf 86' lang='lat' dir='ltr'><strong>quam</strong></span> <span class='ocrx_word' id='word_1_217' title='bbox 1745 3501 1969 3594; x_wconf 85' lang='lat' dir='ltr'><strong>paulo</strong></span> <span class='ocrx_word' id='word_1_218' title='bbox 1998 3514 2165 3571; x_wconf 84' lang='lat' dir='ltr'><strong>ante</strong></span> 
     </span>
     <span class='ocr_line' id='line_1_30' title="bbox 247 3607 2161 3707; baseline -0.003 -22"><span class='ocrx_word' id='word_1_219' title='bbox 247 3614 616 3699; x_wconf 87' lang='lat' dir='ltr'><strong>dicebam,</strong></span> <span class='ocrx_word' id='word_1_220' title='bbox 657 3611 884 3682; x_wconf 85' lang='lat' dir='ltr'><strong>malae</strong></span> <span class='ocrx_word' id='word_1_221' title='bbox 923 3607 1331 3680; x_wconf 83' lang='lat' dir='ltr'><strong>valitudinis</strong></span> <span class='ocrx_word' id='word_1_222' title='bbox 1369 3624 1443 3681; x_wconf 86' lang='lat' dir='ltr'><strong>et</strong></span> <span class='ocrx_word' id='word_1_223' title='bbox 1470 3610 1812 3695; x_wconf 80' lang='lat' dir='ltr'><strong>dolorum</strong></span> <span class='ocrx_word' id='word_1_224' title='bbox 1848 3608 2161 3707; x_wconf 79' lang='lat' dir='ltr'><strong>gravissi·</strong></span> 
     </span>
    </p>

    <p class='ocr_par' dir='ltr' id='par_1_5' title="bbox 239 3718 2162 3909">
     <span class='ocr_line' id='line_1_31' title="bbox 243 3718 2159 3815; baseline -0.002 -21"><span class='ocrx_word' id='word_1_225' title='bbox 243 3748 536 3795; x_wconf 84' lang='lat' dir='ltr'><strong>morum</strong></span> <span class='ocrx_word' id='word_1_226' title='bbox 580 3720 1145 3815; x_wconf 83' lang='lat' dir='ltr'><strong>perpessionem,</strong></span> <span class='ocrx_word' id='word_1_227' title='bbox 1189 3718 1266 3787; x_wconf 87' lang='lat' dir='ltr'><strong>in</strong></span> <span class='ocrx_word' id='word_1_228' title='bbox 1297 3740 1442 3811; x_wconf 87' lang='lat' dir='ltr'><strong>qua</strong></span> <span class='ocrx_word' id='word_1_229' title='bbox 1476 3718 1823 3811; x_wconf 83' lang='lat' dir='ltr'><strong>Epicurus</strong></span> <span class='ocrx_word' id='word_1_230' title='bbox 1844 3718 2013 3791; x_wconf 74' lang='lat' dir='ltr'><strong>fuit</strong></span> <span class='ocrx_word' id='word_1_231' title='bbox 2032 3720 2159 3791; x_wconf 79' lang='lat' dir='ltr'><strong>illo</strong></span> 
     </span>
     <span class='ocr_line' id='line_1_32' title="bbox 239 3821 2162 3909; baseline -0.004 -2"><span class='ocrx_word' id='word_1_232' title='bbox 239 3856 533 3907; x_wconf 78' lang='lat' dir='ltr'><strong>summo</strong></span> <span class='ocrx_word' id='word_1_233' title='bbox 567 3854 648 3905; x_wconf 85' lang='lat' dir='ltr'><strong>ac</strong></span> <span class='ocrx_word' id='word_1_234' title='bbox 691 3828 1250 3909; x_wconf 74' lang='lat' dir='ltr'><strong>fortunatissimo</strong></span> <span class='ocrx_word' id='word_1_235' title='bbox 1297 3826 1416 3903; x_wconf 79' lang='lat' dir='ltr'><strong>die</strong></span> <span class='ocrx_word' id='word_1_236' title='bbox 1454 3852 1605 3903; x_wconf 82' lang='lat' dir='ltr'><strong>suo.</strong></span> <span class='ocrx_word' id='word_1_237' title='bbox 1638 3821 1775 3903; x_wconf 81' lang='lat' dir='ltr'><strong>Ait</strong></span> <span class='ocrx_word' id='word_1_238' title='bbox 1808 3830 2040 3905; x_wconf 82' lang='lat' dir='ltr'><strong>enim:</strong></span> <span class='ocrx_word' id='word_1_239' title='bbox 2090 3850 2162 3901; x_wconf 82' lang='lat' dir='ltr'><strong>se</strong></span> 
     </span>
    </p>
   </div>
  </div>
 </body>
</html>
