2809 4850
1806 235 1841 250 K

681 372 818 450 ¹94
1066 281 1151 418 1,ss
1199 340 1639 418 ANNAEI
1698 339 2211 418 SENECAE
2463 349 2495 360 “

670 505 1113 584 mortalitate.
1163 504 1378 576 Tunc
1418 525 1553 600 ego
1592 501 1827 575 dicere
1870 501 2146 574 debuit
2194 501 2463 576 Minor
2491 521 2593 578 est

669 616 972 690 Serenus
1015 627 1254 686 meusz
1281 611 1489 706 =quid
1531 610 1623 684 ad
1658 637 1815 684 rem
1856 613 2217 706 pertinet!
2256 628 2431 706 post
2472 635 2589 686 me

661 727 852 806 mori
865 725 1107 812 debet,
1132 721 1262 794 sed
1287 738 1455 794 ante
1468 746 1593 794 me
1613 740 1871 818 potest.
1902 725 2095 828 Quia
2111 746 2263 796 non
2290 723 2460 809 feci,
2482 725 2583 794 in-

663 852 996 932 paratum
1028 833 1272 906 subito
1313 833 1605 904 fortuna
1628 833 1987 930 percussit.
2040 835 2261 908 Nunc
2290 834 2535 933 cogito
2555 889 2586 924 ,

666 948 910 1022 omnia
947 960 1020 1018 et
1057 941 1380 1018 mortalia
1408 967 1551 1014 esse
1575 992 1600 1030 ,
1634 960 1708 1016 et
1746 943 2013 1016 incerta
2041 947 2201 1042 lege
2238 945 2579 1018 mortalia.

665 1054 916 1128 Hodie
959 1053 1110 1130 fieri
1155 1066 1394 1148 potest
1424 1101 1449 1139 ,
1512 1049 1883 1146 quidquid
1926 1075 2283 1146 umquam
2329 1067 2581 1146 potest.

663 1164 1076 1261 Cogitemus
1123 1185 1328 1259 ergo,
1377 1158 1611 1232 Lucili
1658 1159 2005 1232 carissime
2034 1209 2059 1248 ,
2112 1159 2258 1240 cito
2315 1181 2455 1230 nos
2496 1183 2579 1230 eo

659 1290 1130 1368 perventuros
1147 1321 1170 1360 ,
1199 1294 1354 1363 quo
1377 1269 1589 1340 illum
1608 1267 2007 1363 pervenisse
2034 1291 2465 1343 moeremus.
2495 1267 2581 1340 Et

629 1377 940 1455 'fortasse
975 1377 1330 1478 (simodo
1355 1376 1787 1471 sapientium
1818 1399 1979 1448 vera
2007 1374 2196 1463 fama
2230 1391 2335 1448 est
2354 1427 2379 1464 ,
2408 1376 2581 1448 reci-

659 1492 920 1586 pitque
951 1513 1084 1564 nos
1113 1492 1312 1576 locus
1333 1488 1635 1588 aliquis)
1668 1510 1887 1582 quem
1911 1502 2255 1580 putamus
2274 1486 2577 1580 perisse,

658 1599 1072 1696 praemissus
1095 1615 1214 1672 eet.
1240 1597 1443 1672 Vale.
1865 1603 1886 1636 '
2374 1632 2380 1638 ·

1088 1799 1739 1878 EPISTOLA
1810 1801 2138 1878 LXIV.

659 1953 738 2025 Q.
753 1919 920 2010 Sexiii
931 1951 1180 2018 laudatio,
1195 1964 1252 2006 et
1271 1951 1436 2022 ipsius
1452 1950 1637 2008 deinde
1650 1951 1961 2023 Sapientiae.
1980 1937 2199 2044 Veteres
2212 1949 2325 2012 eius
2345 1957 2587 2012 auctores

787 2046 1104 2102 venerandos
1115 2081 1132 2110 ,
1149 2055 1206 2098 et
1220 2060 1317 2098 nos
1336 2051 1504 2102 tamen
1522 2061 1676 2130 pesse
1692 2044 1927 2100 adiicere.

1041 2209 1388 2281 SENECA
1438 2209 1691 2281 Lucilio
1730 2235 1846 2282 suo
1890 2209 2202 2280 Salutem.

659 2311 988 2451 F-msn
1023 2369 1174 2446 heri
1197 2371 1624 2451 'nobiscum
1662 2411 1733 2427 -
1797 2374 2009 2446 Potes
2053 2373 2297 2465 queri,
2339 2371 2397 2443 si
2434 2371 2589 2445 heri

658 2499 985 2567 tantum3
1031 2483 1197 2554 ideo
1243 2482 1515 2570 adieci,
1574 2482 1990 2555 nobiscum:
2046 2504 2336 2553 mecum
2384 2482 2582 2553 enim

659 2615 941 2685 semper
963 2616 1054 2663 es·
1093 2592 1631 2666 Intervenerant
1658 2590 1968 2685 quidam·
1986 2591 2195 2662 amici
2219 2641 2244 2680 ,
2280 2609 2587 2684 propter

661 2719 850 2795 quos
871 2704 1100 2777 maior
1127 2702 1368 2775 fumus
1391 2702 1621 2787 fieret}
1664 2726 1819 2773 non
1848 2702 1962 2773 hic
1980 2752 2003 2789 ‚
2047 2700 2181 2794 q‘ui
2204 2725 2585 2796 erumpere

657 2837 756 2885 ex
801 2813 1162 2886 lautorum
1204 2815 1457 2885 culinis
1500 2831 1574 2915 et
1614 2829 1871 2888 terrere
1907 2813 2147 2910 vigiles
2190 2814 2411 2898 solet3
2456 2810 2585 2881 sed

662 2917 1158 3008 hiomodicus,
1183 2922 1314 3013 qui
1333 2922 1645 3015 hospites
1666 2922 1930 2993 venisse
1951 2921 2311 3020 significet.
2329 2920 2591 2993 Varius

573 3018 592 3033 ‘
657 3028 872 3101 nobis
889 3053 1116 3101 sermo
1141 3029 1280 3101 fuit
1302 3081 1325 3118 ‚
1359 3048 1443 3101 ut
1465 3032 1539 3099 in
1566 3032 1902 3103 convivio
1920 3082 1945 3118 ‚
1988 3032 2259 3103 nullam
2283 3054 2439 3101 rem
2468 3054 2589 3101 us·-

663 3158 810 3227 que
841 3134 938 3207 ad
971 3137 1252 3209 exituni
1287 3136 1687 3225 adducens,
1726 3128 1851 3206 sed
1874 3137 2165 3208 aliunde
2186 3136 2327 3207 alio
2360 3152 2585 3223 trans-

659 3242 914 3322 siliens.
953 3244 1212 3315 Lectus
1253 3261 1359 3315 est
1399 3244 1667 3315 deinde
1714 3245 1898 3315 liber
1945 3246 2257 3351 QUIN‘H
2300 3242 2579 3315 SEXTII

659 3350 876 3449 patris
891 3376 919 3439 3
943 3350 1222 3447 magni,
1263 3351 1320 3421 si
1351 3351 1533 3443 quid
1559 3351 1739 3421 mihi
1774 3351 1997 3423 credis
2016 3403 2039 3440 ‚
2070 3352 2201 3423 viri
2218 3402 2245 3439 ‚
2274 3367 2381 3439 et,
2408 3353 2581 3423 licet

661 3483 912 3563 neget,
959 3461 1198 3535 Stoici.
1252 3463 1591 3567 Quantus
1628 3464 1704 3531 in
1730 3464 1910 3551 «illo,
1952 3461 2075 3533 Dii
2114 3464 2331 3553 boni,
2370 3465 2580 3561 vigor

663 3593 803 3660 est,
829 3586 1192 3666 quantum
1215 3572 1470 3646 animi!
1502 3571 1667 3643 Hoc
1690 3594 1843 3642 non
1871 3572 1951 3643 in
1977 3572 2313 3645 omnibus
2336 3573 2582 3667 philo-

659 3680 902 3772 qophis
937 3682 1268 3757 invenies.
1319 3682 1831 3789 Quorumdam
1858 3683 2113 3777 scripta
2148 3684 2416 3775 clarum
2454 3682 2578 3751 ha·
2616 3700 2625 3707 ·

531 3810 540 3819 ’
663 3781 844 3877 bent
867 3804 1158 3869 tantum
1197 3816 1517 3885 nomen,
1562 3806 1807 3885 cetera,
1828 3792 2199 3892 exsanguia
2220 3806 2409 3862 sunt.
2452 3789 2581 3861 In-
