<?xml version="1.0" encoding="UTF-8"?>
<!DOCTYPE html PUBLIC "-//W3C//DTD XHTML 1.0 Transitional//EN"
    "http://www.w3.org/TR/xhtml1/DTD/xhtml1-transitional.dtd">
<html xmlns="http://www.w3.org/1999/xhtml" xml:lang="en" lang="en">
 <head>
  <title>
</title>
<meta http-equiv="Content-Type" content="text/html;charset=utf-8" />
  <meta name='ocr-system' content='tesseract 3.04.00' />
  <meta name='ocr-capabilities' content='ocr_page ocr_carea ocr_par ocr_line ocrx_word'/>
</head>
<body>
  <div class='ocr_page' id='page_1' title='image "./lannaeisenecaea01bipogoog_0344.png"; bbox 0 0 2809 4850; ppageno 0'>
   <div class='ocr_carea' id='block_1_1' title="bbox 680 299 2208 440">
    <p class='ocr_par' dir='ltr' id='par_1_1' title="bbox 680 299 2208 440">
     <span class='ocr_line' id='line_1_1' title="bbox 680 299 2208 440; baseline -0.02 -2"><span class='ocrx_word' id='word_1_1' title='bbox 680 361 823 440; x_wconf 80' lang='lat'>334</span> <span class='ocrx_word' id='word_1_2' title='bbox 1050 335 1133 409; x_wconf 83' lang='lat'>1.</span> <span class='ocrx_word' id='word_1_3' title='bbox 1180 299 1630 408; x_wconf 63' lang='lat' dir='ltr'>ANNAE‘I</span> <span class='ocrx_word' id='word_1_4' title='bbox 1675 331 2208 408; x_wconf 78' lang='lat' dir='ltr'>SENECAE</span> 
     </span>
    </p>
   </div>
   <div class='ocr_carea' id='block_1_2' title="bbox 645 493 2602 3881">
    <p class='ocr_par' dir='ltr' id='par_1_2' title="bbox 645 493 2602 3881">
     <span class='ocr_line' id='line_1_2' title="bbox 676 493 2602 588; baseline 0 -21"><span class='ocrx_word' id='word_1_5' title='bbox 676 496 931 568; x_wconf 85' lang='lat' dir='ltr'>dolore</span> <span class='ocrx_word' id='word_1_6' title='bbox 953 545 977 585; x_wconf 88' lang='lat'><strong>,</strong></span> <span class='ocrx_word' id='word_1_7' title='bbox 1026 519 1175 568; x_wconf 87' lang='lat' dir='ltr'>non</span> <span class='ocrx_word' id='word_1_8' title='bbox 1218 494 1313 567; x_wconf 87' lang='lat' dir='ltr'>ab</span> <span class='ocrx_word' id='word_1_9' title='bbox 1358 494 1508 566; x_wconf 87' lang='lat' dir='ltr'>aliis</span> <span class='ocrx_word' id='word_1_10' title='bbox 1555 493 2098 586; x_wconf 79' lang='lat' dir='ltr'>tempestatibus</span> <span class='ocrx_word' id='word_1_11' title='bbox 2146 495 2354 588; x_wconf 70' lang='lat' dir='ltr'>vitae.</span> <span class='ocrx_word' id='word_1_12' title='bbox 2415 493 2602 568; x_wconf 88' lang='lat' dir='ltr'>Non</span> 
     </span>
     <span class='ocr_line' id='line_1_3' title="bbox 674 607 2598 700; baseline 0.001 -21"><span class='ocrx_word' id='word_1_13' title='bbox 674 607 867 680; x_wconf 89' lang='lat' dir='ltr'>enim</span> <span class='ocrx_word' id='word_1_14' title='bbox 888 607 1363 700; x_wconf 84' lang='lat' dir='ltr'>prohibentur</span> <span class='ocrx_word' id='word_1_15' title='bbox 1386 629 1603 700; x_wconf 84' lang='lat' dir='ltr'>opera</span> <span class='ocrx_word' id='word_1_16' title='bbox 1641 607 1793 677; x_wconf 90' lang='lat' dir='ltr'>eius</span> <span class='ocrx_word' id='word_1_17' title='bbox 1817 609 2060 678; x_wconf 83' lang='lat' dir='ltr'>omnia</span> <span class='ocrx_word' id='word_1_18' title='bbox 2081 657 2104 694; x_wconf 89' lang='lat'><strong>,</strong></span> <span class='ocrx_word' id='word_1_19' title='bbox 2139 608 2268 679; x_wconf 88' lang='lat' dir='ltr'>sed</span> <span class='ocrx_word' id='word_1_20' title='bbox 2295 625 2598 680; x_wconf 87' lang='lat' dir='ltr'>tantum</span> 
     </span>
     <span class='ocr_line' id='line_1_4' title="bbox 670 718 2600 814; baseline 0 -24"><span class='ocrx_word' id='word_1_21' title='bbox 670 719 763 790; x_wconf 71' lang='lat' dir='ltr'>ad</span> <span class='ocrx_word' id='word_1_22' title='bbox 786 720 957 791; x_wconf 84' lang='lat' dir='ltr'>alios</span> <span class='ocrx_word' id='word_1_23' title='bbox 980 719 1410 812; x_wconf 88' lang='lat' dir='ltr'>pertinentia</span> <span class='ocrx_word' id='word_1_24' title='bbox 1429 744 1449 786; x_wconf 70' lang='grc' dir='ltr'>ι</span> <span class='ocrx_word' id='word_1_25' title='bbox 1497 718 1644 810; x_wconf 81' lang='lat' dir='ltr'>ipse</span> <span class='ocrx_word' id='word_1_26' title='bbox 1665 741 1948 811; x_wconf 87' lang='lat' dir='ltr'>semper</span> <span class='ocrx_word' id='word_1_27' title='bbox 1971 719 2047 788; x_wconf 90' lang='lat' dir='ltr'>in</span> <span class='ocrx_word' id='word_1_28' title='bbox 2071 735 2242 790; x_wconf 83' lang='lat' dir='ltr'>actu·</span> <span class='ocrx_word' id='word_1_29' title='bbox 2265 735 2371 789; x_wconf 85' lang='lat' dir='ltr'>est</span> <span class='ocrx_word' id='word_1_30' title='bbox 2396 769 2419 805; x_wconf 90' lang='lat'><strong>,</strong></span> <span class='ocrx_word' id='word_1_31' title='bbox 2475 720 2600 814; x_wconf 89' lang='lat' dir='ltr'>[et</span> 
     </span>
     <span class='ocr_line' id='line_1_5' title="bbox 668 827 2594 926; baseline 0 -26"><span class='ocrx_word' id='word_1_32' title='bbox 668 830 747 901; x_wconf 89' lang='lat' dir='ltr'>in</span> <span class='ocrx_word' id='word_1_33' title='bbox 774 830 1113 926; x_wconf 84' lang='lat' dir='ltr'>effectu;]</span> <span class='ocrx_word' id='word_1_34' title='bbox 1142 846 1321 903; x_wconf 82' lang='lat' dir='ltr'>tunc</span> <span class='ocrx_word' id='word_1_35' title='bbox 1362 830 1755 916; x_wconf 82' lang='lat' dir='ltr'>maximus,</span> <span class='ocrx_word' id='word_1_36' title='bbox 1795 853 2030 922; x_wconf 87' lang='lat' dir='ltr'>quum</span> <span class='ocrx_word' id='word_1_37' title='bbox 2067 828 2168 898; x_wconf 90' lang='lat' dir='ltr'>illi</span> <span class='ocrx_word' id='word_1_38' title='bbox 2202 827 2594 900; x_wconf 83' lang='lat' dir='ltr'>fortunase</span> 
     </span>
     <span class='ocr_line' id='line_1_6' title="bbox 668 936 2592 1036; baseline -0.002 -24"><span class='ocrx_word' id='word_1_39' title='bbox 668 939 1047 1033; x_wconf 74' lang='lat' dir='ltr'>opposuitz</span> <span class='ocrx_word' id='word_1_40' title='bbox 1088 953 1265 1010; x_wconf 89' lang='lat' dir='ltr'>tunc</span> <span class='ocrx_word' id='word_1_41' title='bbox 1303 937 1518 1032; x_wconf 84' lang='lat' dir='ltr'>ipsius</span> <span class='ocrx_word' id='word_1_42' title='bbox 1551 936 1947 1032; x_wconf 81' lang='lat' dir='ltr'>Sapientiae</span> <span class='ocrx_word' id='word_1_43' title='bbox 1978 937 2360 1036; x_wconf 84' lang='lat' dir='ltr'>negotium</span> <span class='ocrx_word' id='word_1_44' title='bbox 2401 937 2592 1034; x_wconf 84' lang='lat' dir='ltr'>agit,</span> 
     </span>
     <span class='ocr_line' id='line_1_7' title="bbox 667 1047 2540 1145; baseline -0.002 -25"><span class='ocrx_word' id='word_1_45' title='bbox 667 1073 895 1145; x_wconf 86' lang='lat' dir='ltr'>quam</span> <span class='ocrx_word' id='word_1_46' title='bbox 922 1047 1233 1120; x_wconf 81' lang='lat' dir='ltr'>diximus</span> <span class='ocrx_word' id='word_1_47' title='bbox 1256 1063 1329 1118; x_wconf 85' lang='lat' dir='ltr'>et</span> <span class='ocrx_word' id='word_1_48' title='bbox 1356 1049 1670 1120; x_wconf 83' lang='lat' dir='ltr'>alienum</span> <span class='ocrx_word' id='word_1_49' title='bbox 1693 1047 1980 1120; x_wconf 87' lang='lat' dir='ltr'>bonum</span> <span class='ocrx_word' id='word_1_50' title='bbox 2004 1072 2188 1134; x_wconf 81' lang='lat' dir='ltr'>esse,·</span> <span class='ocrx_word' id='word_1_51' title='bbox 2203 1063 2280 1120; x_wconf 87' lang='lat' dir='ltr'>et</span> <span class='ocrx_word' id='word_1_52' title='bbox 2301 1069 2540 1117; x_wconf 86' lang='lat' dir='ltr'>suum.</span> 
     </span>
     <span class='ocr_line' id='line_1_8' title="bbox 764 1156 2586 1254; baseline -0.003 -21"><span class='ocrx_word' id='word_1_53' title='bbox 764 1161 1125 1233; x_wconf 84' lang='lat' dir='ltr'>Praeterea</span> <span class='ocrx_word' id='word_1_54' title='bbox 1142 1208 1166 1247; x_wconf 91' lang='lat'><strong>,</strong></span> <span class='ocrx_word' id='word_1_55' title='bbox 1215 1183 1313 1232; x_wconf 88' lang='lat' dir='ltr'>ne</span> <span class='ocrx_word' id='word_1_56' title='bbox 1331 1160 1478 1230; x_wconf 83' lang='lat' dir='ltr'>aliis</span> <span class='ocrx_word' id='word_1_57' title='bbox 1501 1159 1799 1253; x_wconf 88' lang='lat' dir='ltr'>quidem</span> <span class='ocrx_word' id='word_1_58' title='bbox 1837 1178 2015 1232; x_wconf 86' lang='lat' dir='ltr'>tunc</span> <span class='ocrx_word' id='word_1_59' title='bbox 2049 1156 2389 1254; x_wconf 74' lang='lat' dir='ltr'>prodesse</span> <span class='ocrx_word' id='word_1_60' title='bbox 2417 1181 2586 1251; x_wconf 88' lang='lat' dir='ltr'>pro-</span> 
     </span>
     <span class='ocr_line' id='line_1_9' title="bbox 665 1268 2586 1364; baseline -0.001 -21"><span class='ocrx_word' id='word_1_61' title='bbox 665 1271 1002 1357; x_wconf 82' lang='lat' dir='ltr'>hibetur,</span> <span class='ocrx_word' id='word_1_62' title='bbox 1054 1294 1289 1362; x_wconf 89' lang='lat' dir='ltr'>quum</span> <span class='ocrx_word' id='word_1_63' title='bbox 1336 1271 1546 1342; x_wconf 87' lang='lat' dir='ltr'>illum</span> <span class='ocrx_word' id='word_1_64' title='bbox 1596 1273 1878 1364; x_wconf 79' lang='lat' dir='ltr'>aliquae</span> <span class='ocrx_word' id='word_1_65' title='bbox 1923 1268 2365 1342; x_wconf 77' lang='lat' dir='ltr'>necessitates</span> <span class='ocrx_word' id='word_1_66' title='bbox 2425 1293 2586 1363; x_wconf 87' lang='lat' dir='ltr'>pre·</span> 
     </span>
     <span class='ocr_line' id='line_1_10' title="bbox 662 1379 2584 1476; baseline -0.001 -22"><span class='ocrx_word' id='word_1_67' title='bbox 662 1398 901 1454; x_wconf 86' lang='lat' dir='ltr'>munt.</span> <span class='ocrx_word' id='word_1_68' title='bbox 946 1379 1250 1474; x_wconf 81' lang='lat' dir='ltr'>Propter</span> <span class='ocrx_word' id='word_1_69' title='bbox 1287 1397 1776 1474; x_wconf 80' lang='lat' dir='ltr'>paupertatem</span> <span class='ocrx_word' id='word_1_70' title='bbox 1813 1380 2235 1474; x_wconf 81' lang='lat' dir='ltr'>prohibetur</span> <span class='ocrx_word' id='word_1_71' title='bbox 2275 1380 2540 1476; x_wconf 84' lang='lat' dir='ltr'>docere</span> <span class='ocrx_word' id='word_1_72' title='bbox 2559 1431 2584 1468; x_wconf 92' lang='lat'>,</span> 
     </span>
     <span class='ocr_line' id='line_1_11' title="bbox 664 1487 2579 1584; baseline -0.001 -22"><span class='ocrx_word' id='word_1_73' title='bbox 664 1487 1291 1584; x_wconf 78' lang='lat' dir='ltr'>quemadmodum</span> <span class='ocrx_word' id='word_1_74' title='bbox 1324 1487 1686 1562; x_wconf 83' lang='lat' dir='ltr'>tractanda</span> <span class='ocrx_word' id='word_1_75' title='bbox 1705 1488 2104 1582; x_wconf 82' lang='lat' dir='ltr'>respublica</span> <span class='ocrx_word' id='word_1_76' title='bbox 2131 1490 2262 1574; x_wconf 81' lang='lat' dir='ltr'>sit3</span> <span class='ocrx_word' id='word_1_77' title='bbox 2303 1503 2378 1558; x_wconf 86' lang='lat' dir='ltr'>at</span> <span class='ocrx_word' id='word_1_78' title='bbox 2399 1487 2579 1560; x_wconf 86' lang='lat' dir='ltr'>illud</span> 
     </span>
     <span class='ocr_line' id='line_1_12' title="bbox 662 1595 2577 1692; baseline -0.002 -20"><span class='ocrx_word' id='word_1_79' title='bbox 662 1599 922 1686; x_wconf 89' lang='lat' dir='ltr'>docet,</span> <span class='ocrx_word' id='word_1_80' title='bbox 961 1595 1592 1690; x_wconf 86' lang='lat' dir='ltr'>quemadmodum</span> <span class='ocrx_word' id='word_1_81' title='bbox 1633 1595 1994 1668; x_wconf 84' lang='lat' dir='ltr'>tractanda</span> <span class='ocrx_word' id='word_1_82' title='bbox 2029 1596 2118 1668; x_wconf 75' lang='lat' dir='ltr'>sit</span> <span class='ocrx_word' id='word_1_83' title='bbox 2159 1613 2577 1692; x_wconf 63' lang='lat' dir='ltr'>pauper-tan</span> 
     </span>
     <span class='ocr_line' id='line_1_13' title="bbox 662 1708 2584 1805; baseline 0.001 -25"><span class='ocrx_word' id='word_1_84' title='bbox 662 1733 799 1805; x_wconf 86' lang='lat' dir='ltr'>per</span> <span class='ocrx_word' id='word_1_85' title='bbox 818 1725 1047 1780; x_wconf 87' lang='lat' dir='ltr'>totam</span> <span class='ocrx_word' id='word_1_86' title='bbox 1090 1708 1315 1780; x_wconf 83' lang='lat' dir='ltr'>vitam</span> <span class='ocrx_word' id='word_1_87' title='bbox 1352 1732 1540 1804; x_wconf 81' lang='lat' dir='ltr'>opus</span> <span class='ocrx_word' id='word_1_88' title='bbox 1575 1709 1723 1780; x_wconf 84' lang='lat' dir='ltr'>eius</span> <span class='ocrx_word' id='word_1_89' title='bbox 1763 1708 2201 1782; x_wconf 83' lang='lat' dir='ltr'>extenditur.</span> <span class='ocrx_word' id='word_1_90' title='bbox 2251 1709 2360 1781; x_wconf 88' lang='lat' dir='ltr'>Ita</span> <span class='ocrx_word' id='word_1_91' title='bbox 2387 1711 2584 1792; x_wconf 85' lang='lat' dir='ltr'>nulla</span> 
     </span>
     <span class='ocr_line' id='line_1_14' title="bbox 660 1816 2578 1913; baseline -0.001 -24"><span class='ocrx_word' id='word_1_92' title='bbox 660 1817 989 1904; x_wconf 76' lang='lat' dir='ltr'>fortuna,</span> <span class='ocrx_word' id='word_1_93' title='bbox 1028 1817 1225 1888; x_wconf 86' lang='lat' dir='ltr'>nulla</span> <span class='ocrx_word' id='word_1_94' title='bbox 1268 1840 1414 1905; x_wconf 83' lang='lat' dir='ltr'>res,</span> <span class='ocrx_word' id='word_1_95' title='bbox 1457 1833 1654 1890; x_wconf 84' lang='lat' dir='ltr'>actus</span> <span class='ocrx_word' id='word_1_96' title='bbox 1695 1816 2045 1913; x_wconf 84' lang='lat' dir='ltr'>Sapientis</span> <span class='ocrx_word' id='word_1_97' title='bbox 2091 1819 2457 1892; x_wconf 85' lang='lat' dir='ltr'>excludit:</span> <span class='ocrx_word' id='word_1_98' title='bbox 2500 1817 2578 1888; x_wconf 89' lang='lat' dir='ltr'>id</span> 
     </span>
     <span class='ocr_line' id='line_1_15' title="bbox 664 1924 2578 2022; baseline -0.003 -20"><span class='ocrx_word' id='word_1_99' title='bbox 664 1927 859 2002; x_wconf 82' lang='lat' dir='ltr'>enim</span> <span class='ocrx_word' id='word_1_100' title='bbox 898 1927 1133 2020; x_wconf 84' lang='lat' dir='ltr'>ipsum</span> <span class='ocrx_word' id='word_1_101' title='bbox 1162 1924 1340 2022; x_wconf 85' lang='lat' dir='ltr'>agit,</span> <span class='ocrx_word' id='word_1_102' title='bbox 1388 1949 1543 2018; x_wconf 90' lang='lat' dir='ltr'>quo</span> <span class='ocrx_word' id='word_1_103' title='bbox 1565 1926 1696 1996; x_wconf 85' lang='lat' dir='ltr'>alia</span> <span class='ocrx_word' id='word_1_104' title='bbox 1736 1949 1936 2022; x_wconf 86' lang='lat' dir='ltr'>agere</span> <span class='ocrx_word' id='word_1_105' title='bbox 1964 1927 2420 2020; x_wconf 87' lang='lat' dir='ltr'>prohibetur.</span> <span class='ocrx_word' id='word_1_106' title='bbox 2466 1925 2578 1998; x_wconf 86' lang='lat' dir='ltr'>Ad</span> 
     </span>
     <span class='ocr_line' id='line_1_16' title="bbox 658 2034 2578 2130; baseline 0 -22"><span class='ocrx_word' id='word_1_107' title='bbox 658 2054 1009 2128; x_wconf 74' lang='lat' dir='ltr'>utrosque</span> <span class='ocrx_word' id='word_1_108' title='bbox 1046 2057 1237 2106; x_wconf 85' lang='lat' dir='ltr'>casus</span> <span class='ocrx_word' id='word_1_109' title='bbox 1264 2049 1470 2127; x_wconf 86' lang='lat' dir='ltr'>aptus</span> <span class='ocrx_word' id='word_1_110' title='bbox 1497 2051 1622 2122; x_wconf 85' lang='lat' dir='ltr'>est,</span> <span class='ocrx_word' id='word_1_111' title='bbox 1651 2034 2014 2106; x_wconf 84' lang='lat' dir='ltr'>bonorum</span> <span class='ocrx_word' id='word_1_112' title='bbox 2035 2054 2296 2130; x_wconf 84' lang='lat' dir='ltr'>rector,</span> <span class='ocrx_word' id='word_1_113' title='bbox 2324 2054 2398 2110; x_wconf 92' lang='lat' dir='ltr'>et</span> <span class='ocrx_word' id='word_1_114' title='bbox 2430 2063 2578 2108; x_wconf 83' lang='lat' dir='ltr'>ma-</span> 
     </span>
     <span class='ocr_line' id='line_1_17' title="bbox 655 2139 2578 2234; baseline 0.001 -18"><span class='ocrx_word' id='word_1_115' title='bbox 655 2144 897 2216; x_wconf 88' lang='lat' dir='ltr'>lorum</span> <span class='ocrx_word' id='word_1_116' title='bbox 926 2142 1169 2214; x_wconf 84' lang='lat' dir='ltr'>victor.</span> <span class='ocrx_word' id='word_1_117' title='bbox 1212 2139 1367 2230; x_wconf 88' lang='lat' dir='ltr'>Sic,</span> <span class='ocrx_word' id='word_1_118' title='bbox 1411 2141 1754 2234; x_wconf 86' lang='lat' dir='ltr'>inquam,</span> <span class='ocrx_word' id='word_1_119' title='bbox 1799 2167 1872 2213; x_wconf 89' lang='lat' dir='ltr'>se</span> <span class='ocrx_word' id='word_1_120' title='bbox 1909 2146 2268 2234; x_wconf 79' lang='lat' dir='ltr'>exercuit,</span> <span class='ocrx_word' id='word_1_121' title='bbox 2307 2163 2394 2218; x_wconf 89' lang='lat' dir='ltr'>ut</span> <span class='ocrx_word' id='word_1_122' title='bbox 2421 2146 2578 2218; x_wconf 87' lang='lat' dir='ltr'>Vir·</span> 
     </span>
     <span class='ocr_line' id='line_1_18' title="bbox 656 2252 2578 2348; baseline -0.002 -20"><span class='ocrx_word' id='word_1_123' title='bbox 656 2273 895 2328; x_wconf 85' lang='lat' dir='ltr'>tutem</span> <span class='ocrx_word' id='word_1_124' title='bbox 936 2271 1085 2326; x_wconf 82' lang='lat' dir='ltr'>tam</span> <span class='ocrx_word' id='word_1_125' title='bbox 1115 2255 1192 2325; x_wconf 90' lang='lat' dir='ltr'>in</span> <span class='ocrx_word' id='word_1_126' title='bbox 1228 2252 1554 2325; x_wconf 79' lang='lat' dir='ltr'>secundis</span> <span class='ocrx_word' id='word_1_127' title='bbox 1573 2306 1596 2342; x_wconf 89' lang='lat'><strong>,</strong></span> <span class='ocrx_word' id='word_1_128' title='bbox 1642 2279 1859 2348; x_wconf 85' lang='lat' dir='ltr'>quam</span> <span class='ocrx_word' id='word_1_129' title='bbox 1889 2255 1966 2326; x_wconf 87' lang='lat' dir='ltr'>in</span> <span class='ocrx_word' id='word_1_130' title='bbox 1991 2254 2290 2330; x_wconf 82' lang='lat' dir='ltr'>adversis</span> <span class='ocrx_word' id='word_1_131' title='bbox 2308 2306 2335 2345; x_wconf 87' lang='lat'><strong>,</strong></span> <span class='ocrx_word' id='word_1_132' title='bbox 2378 2257 2578 2327; x_wconf 84' lang='lat' dir='ltr'>exhi-</span> 
     </span>
     <span class='ocr_line' id='line_1_19' title="bbox 655 2361 2563 2458; baseline -0.001 -23"><span class='ocrx_word' id='word_1_133' title='bbox 655 2361 892 2448; x_wconf 83' lang='lat' dir='ltr'>beret3</span> <span class='ocrx_word' id='word_1_134' title='bbox 928 2383 1063 2433; x_wconf 89' lang='lat' dir='ltr'>nec</span> <span class='ocrx_word' id='word_1_135' title='bbox 1088 2361 1454 2433; x_wconf 85' lang='lat' dir='ltr'>materiam</span> <span class='ocrx_word' id='word_1_136' title='bbox 1499 2362 1648 2434; x_wconf 88' lang='lat' dir='ltr'>eius</span> <span class='ocrx_word' id='word_1_137' title='bbox 1667 2411 1691 2451; x_wconf 91' lang='lat'>‚</span> <span class='ocrx_word' id='word_1_138' title='bbox 1735 2361 1860 2435; x_wconf 90' lang='lat' dir='ltr'>sed</span> <span class='ocrx_word' id='word_1_139' title='bbox 1899 2363 2122 2458; x_wconf 86' lang='lat' dir='ltr'>ipsam</span> <span class='ocrx_word' id='word_1_140' title='bbox 2149 2364 2563 2437; x_wconf 85' lang='lat' dir='ltr'>intueretur.</span> 
     </span>
     <span class='ocr_line' id='line_1_20' title="bbox 654 2471 2570 2567; baseline 0.002 -26"><span class='ocrx_word' id='word_1_141' title='bbox 654 2471 909 2563; x_wconf 83' lang='lat' dir='ltr'>Itaque</span> <span class='ocrx_word' id='word_1_142' title='bbox 930 2494 1065 2541; x_wconf 88' lang='lat' dir='ltr'>nec</span> <span class='ocrx_word' id='word_1_143' title='bbox 1091 2490 1464 2565; x_wconf 82' lang='lat' dir='ltr'>paupertas</span> <span class='ocrx_word' id='word_1_144' title='bbox 1487 2474 1721 2559; x_wconf 88' lang='lat' dir='ltr'>illum,</span> <span class='ocrx_word' id='word_1_145' title='bbox 1747 2497 1884 2545; x_wconf 87' lang='lat' dir='ltr'>nec</span> <span class='ocrx_word' id='word_1_146' title='bbox 1911 2472 2119 2549; x_wconf 87' lang='lat' dir='ltr'>dolor</span> <span class='ocrx_word' id='word_1_147' title='bbox 2140 2526 2165 2563; x_wconf 92' lang='lat'>,</span> <span class='ocrx_word' id='word_1_148' title='bbox 2191 2498 2332 2549; x_wconf 88' lang='lat' dir='ltr'>nec</span> <span class='ocrx_word' id='word_1_149' title='bbox 2357 2474 2570 2567; x_wconf 88' lang='lat' dir='ltr'>quid-</span> 
     </span>
     <span class='ocr_line' id='line_1_21' title="bbox 656 2578 2569 2677; baseline 0.002 -28"><span class='ocrx_word' id='word_1_150' title='bbox 656 2602 879 2673; x_wconf 87' lang='lat' dir='ltr'>quam</span> <span class='ocrx_word' id='word_1_151' title='bbox 912 2578 1150 2666; x_wconf 89' lang='lat' dir='ltr'>aliud,</span> <span class='ocrx_word' id='word_1_152' title='bbox 1196 2579 1403 2671; x_wconf 91' lang='lat' dir='ltr'>quod</span> <span class='ocrx_word' id='word_1_153' title='bbox 1451 2582 1790 2673; x_wconf 84' lang='lat' dir='ltr'>inperitos</span> <span class='ocrx_word' id='word_1_154' title='bbox 1816 2583 2068 2655; x_wconf 82' lang='lat' dir='ltr'>avertit</span> <span class='ocrx_word' id='word_1_155' title='bbox 2109 2600 2180 2655; x_wconf 93' lang='lat' dir='ltr'>et</span> <span class='ocrx_word' id='word_1_156' title='bbox 2221 2583 2569 2677; x_wconf 82' lang='lat' dir='ltr'>praecipi·-</span> 
     </span>
     <span class='ocr_line' id='line_1_22' title="bbox 654 2687 2580 2785; baseline 0.003 -26"><span class='ocrx_word' id='word_1_157' title='bbox 654 2704 759 2759; x_wconf 84' lang='lat' dir='ltr'>tes</span> <span class='ocrx_word' id='word_1_158' title='bbox 784 2687 961 2784; x_wconf 85' lang='lat' dir='ltr'>agit,</span> <span class='ocrx_word' id='word_1_159' title='bbox 1002 2688 1365 2780; x_wconf 83' lang='lat' dir='ltr'>prohibet.</span> <span class='ocrx_word' id='word_1_160' title='bbox 1417 2688 1536 2761; x_wconf 89' lang='lat' dir='ltr'>Tu</span> <span class='ocrx_word' id='word_1_161' title='bbox 1565 2691 1772 2763; x_wconf 86' lang='lat' dir='ltr'>illum</span> <span class='ocrx_word' id='word_1_162' title='bbox 1815 2694 2040 2785; x_wconf 85' lang='lat' dir='ltr'>premi</span> <span class='ocrx_word' id='word_1_163' title='bbox 2074 2710 2288 2785; x_wconf 85' lang='lat' dir='ltr'>putas</span> <span class='ocrx_word' id='word_1_164' title='bbox 2324 2692 2580 2767; x_wconf 81' lang='lat' dir='ltr'>malis?.</span> 
     </span>
     <span class='ocr_line' id='line_1_23' title="bbox 658 2796 2574 2895; baseline 0.002 -24"><span class='ocrx_word' id='word_1_165' title='bbox 658 2796 939 2871; x_wconf 84' lang='lat' dir='ltr'>Utitur!</span> <span class='ocrx_word' id='word_1_166' title='bbox 984 2799 1155 2871; x_wconf 85' lang='lat' dir='ltr'>Non</span> <span class='ocrx_word' id='word_1_167' title='bbox 1182 2825 1271 2871; x_wconf 81' lang='lat' dir='ltr'>ex</span> <span class='ocrx_word' id='word_1_168' title='bbox 1298 2801 1524 2873; x_wconf 86' lang='lat' dir='ltr'>ebore</span> <span class='ocrx_word' id='word_1_169' title='bbox 1558 2820 1838 2873; x_wconf 86' lang='lat' dir='ltr'>tantum</span> <span class='ocrx_word' id='word_1_170' title='bbox 1861 2801 2146 2875; x_wconf 82' lang='lat' dir='ltr'>Phidias</span> <span class='ocrx_word' id='word_1_171' title='bbox 2169 2804 2439 2895; x_wconf 73' lang='lat' dir='ltr'>sciebat</span> <span class='ocrx_word' id='word_1_172' title='bbox 2470 2802 2574 2875; x_wconf 75' lang='lat' dir='ltr'>fa-</span> 
     </span>
     <span class='ocr_line' id='line_1_24' title="bbox 650 2905 2570 3001; baseline 0.003 -24"><span class='ocrx_word' id='word_1_173' title='bbox 650 2928 811 2978; x_wconf 84' lang='lat' dir='ltr'>cere</span> <span class='ocrx_word' id='word_1_174' title='bbox 846 2905 1245 2994; x_wconf 84' lang='lat' dir='ltr'>simulacra3</span> <span class='ocrx_word' id='word_1_175' title='bbox 1291 2906 1589 2983; x_wconf 80' lang='lat' dir='ltr'>faciebat</span> <span class='ocrx_word' id='word_1_176' title='bbox 1625 2935 1717 2981; x_wconf 83' lang='lat' dir='ltr'>ex</span> <span class='ocrx_word' id='word_1_177' title='bbox 1743 2926 1938 2981; x_wconf 77' lang='lat' dir='ltr'>aere:</span> <span class='ocrx_word' id='word_1_178' title='bbox 1973 2912 2031 2981; x_wconf 86' lang='lat' dir='ltr'>si</span> <span class='ocrx_word' id='word_1_179' title='bbox 2073 2936 2386 2987; x_wconf 81' lang='lat' dir='ltr'>marmor</span> <span class='ocrx_word' id='word_1_180' title='bbox 2429 2912 2570 3001; x_wconf 87' lang='lat' dir='ltr'>illi,</span> 
     </span>
     <span class='ocr_line' id='line_1_25' title="bbox 650 3016 2521 3107; baseline 0.002 -18"><span class='ocrx_word' id='word_1_181' title='bbox 650 3018 707 3089; x_wconf 81' lang='lat' dir='ltr'>si</span> <span class='ocrx_word' id='word_1_182' title='bbox 742 3016 977 3087; x_wconf 85' lang='lat' dir='ltr'>adhuc</span> <span class='ocrx_word' id='word_1_183' title='bbox 1013 3019 1337 3089; x_wconf 84' lang='lat' dir='ltr'>viliorem</span> <span class='ocrx_word' id='word_1_184' title='bbox 1376 3020 1742 3091; x_wconf 82' lang='lat' dir='ltr'>materiam</span> <span class='ocrx_word' id='word_1_185' title='bbox 1785 3022 2154 3093; x_wconf 79' lang='lat' dir='ltr'>obtulisses</span> <span class='ocrx_word' id='word_1_186' title='bbox 2179 3069 2202 3107; x_wconf 84' lang='lat'>,</span> <span class='ocrx_word' id='word_1_187' title='bbox 2249 3020 2521 3093; x_wconf 84' lang='lat' dir='ltr'>fecisset</span> 
     </span>
     <span class='ocr_line' id='line_1_26' title="bbox 652 3074 2570 3221; baseline 0.003 -30"><span class='ocrx_word' id='word_1_188' title='bbox 652 3122 867 3213; x_wconf 86' lang='lat' dir='ltr'>quale</span> <span class='ocrx_word' id='word_1_189' title='bbox 916 3146 1007 3193; x_wconf 84' lang='lat' dir='ltr'>ex</span> <span class='ocrx_word' id='word_1_190' title='bbox 1044 3122 1163 3193; x_wconf 83' lang='lat' dir='ltr'>illa</span> <span class='ocrx_word' id='word_1_191' title='bbox 1200 3122 1349 3193; x_wconf 90' lang='lat' dir='ltr'>fieri</span> <span class='ocrx_word' id='word_1_192' title='bbox 1388 3124 1752 3221; x_wconf 78' lang='lat' dir='ltr'>optimum</span> <span class='ocrx_word' id='word_1_193' title='bbox 1803 3144 2057 3221; x_wconf 86' lang='lat' dir='ltr'>posset.</span> <span class='ocrx_word' id='word_1_194' title='bbox 2115 3126 2234 3197; x_wconf 90' lang='lat' dir='ltr'>Sic</span> <span class='ocrx_word' id='word_1_195' title='bbox 2275 3074 2570 3221; x_wconf 55' lang='lat' dir='ltr'>Sapiens</span> 
     </span>
     <span class='ocr_line' id='line_1_27' title="bbox 650 3228 2571 3332; baseline 0.004 -30"><span class='ocrx_word' id='word_1_196' title='bbox 650 3228 1013 3302; x_wconf 85' lang='lat' dir='ltr'>Virtutem</span> <span class='ocrx_word' id='word_1_197' title='bbox 1032 3282 1061 3318; x_wconf 88' lang='lat'>‚</span> <span class='ocrx_word' id='word_1_198' title='bbox 1086 3231 1145 3302; x_wconf 89' lang='lat' dir='ltr'>si</span> <span class='ocrx_word' id='word_1_199' title='bbox 1166 3234 1414 3305; x_wconf 88' lang='lat' dir='ltr'>licebit</span> <span class='ocrx_word' id='word_1_200' title='bbox 1429 3286 1450 3321; x_wconf 89' lang='lat'>,</span> <span class='ocrx_word' id='word_1_201' title='bbox 1479 3236 1556 3306; x_wconf 92' lang='lat' dir='ltr'>in</span> <span class='ocrx_word' id='word_1_202' title='bbox 1579 3237 1842 3309; x_wconf 86' lang='lat' dir='ltr'>divitiis</span> <span class='ocrx_word' id='word_1_203' title='bbox 1870 3238 2298 3332; x_wconf 78' lang='lat' dir='ltr'>explicabit3</span> <span class='ocrx_word' id='word_1_204' title='bbox 2344 3239 2398 3309; x_wconf 87' lang='lat' dir='ltr'>si</span> <span class='ocrx_word' id='word_1_205' title='bbox 2431 3240 2571 3311; x_wconf 89' lang='lat' dir='ltr'>mi-</span> 
     </span>
     <span class='ocr_line' id='line_1_28' title="bbox 649 3338 2568 3444; baseline 0.005 -35"><span class='ocrx_word' id='word_1_206' title='bbox 649 3362 825 3425; x_wconf 86' lang='lat' dir='ltr'>nus,</span> <span class='ocrx_word' id='word_1_207' title='bbox 874 3338 951 3408; x_wconf 88' lang='lat' dir='ltr'>in</span> <span class='ocrx_word' id='word_1_208' title='bbox 990 3358 1445 3439; x_wconf 82' lang='lat' dir='ltr'>paupertate:</span> <span class='ocrx_word' id='word_1_209' title='bbox 1489 3346 1544 3415; x_wconf 87' lang='lat' dir='ltr'>si</span> <span class='ocrx_word' id='word_1_210' title='bbox 1585 3340 1880 3444; x_wconf 68' lang='lat' dir='ltr'>poterit,</span> <span class='ocrx_word' id='word_1_211' title='bbox 1917 3349 1994 3421; x_wconf 90' lang='lat' dir='ltr'>in</span> <span class='ocrx_word' id='word_1_212' title='bbox 2041 3351 2300 3443; x_wconf 81' lang='lat' dir='ltr'>patria3</span> <span class='ocrx_word' id='word_1_213' title='bbox 2339 3350 2396 3419; x_wconf 84' lang='lat' dir='ltr'>si</span> <span class='ocrx_word' id='word_1_214' title='bbox 2431 3350 2568 3419; x_wconf 89' lang='lat' dir='ltr'>mi-</span> 
     </span>
     <span class='ocr_line' id='line_1_29' title="bbox 648 3444 2564 3553; baseline 0.008 -38"><span class='ocrx_word' id='word_1_215' title='bbox 648 3467 827 3534; x_wconf 88' lang='lat' dir='ltr'>nus,</span> <span class='ocrx_word' id='word_1_216' title='bbox 867 3445 943 3517; x_wconf 89' lang='lat' dir='ltr'>in</span> <span class='ocrx_word' id='word_1_217' title='bbox 964 3448 1249 3520; x_wconf 76' lang='lat' dir='ltr'>exsilio:</span> <span class='ocrx_word' id='word_1_218' title='bbox 1292 3452 1349 3521; x_wconf 90' lang='lat' dir='ltr'>si</span> <span class='ocrx_word' id='word_1_219' title='bbox 1374 3452 1682 3546; x_wconf 85' lang='lat' dir='ltr'>poterit,</span> <span class='ocrx_word' id='word_1_220' title='bbox 1725 3444 2155 3553; x_wconf 80' lang='lat' dir='ltr'>imperator;</span> <span class='ocrx_word' id='word_1_221' title='bbox 2197 3460 2564 3552; x_wconf 82' lang='lat' dir='ltr'>siminus,</span> 
     </span>
     <span class='ocr_line' id='line_1_30' title="bbox 648 3553 2564 3673; baseline 0.011 -52"><span class='ocrx_word' id='word_1_222' title='bbox 648 3553 852 3625; x_wconf 87' lang='lat' dir='ltr'>miles</span> <span class='ocrx_word' id='word_1_223' title='bbox 869 3581 889 3625; x_wconf 69' lang='grc' dir='ltr'>ι</span> <span class='ocrx_word' id='word_1_224' title='bbox 908 3557 963 3628; x_wconf 85' lang='lat' dir='ltr'>si</span> <span class='ocrx_word' id='word_1_225' title='bbox 984 3557 1272 3649; x_wconf 87' lang='lat' dir='ltr'>poterit,</span> <span class='ocrx_word' id='word_1_226' title='bbox 1294 3559 1566 3658; x_wconf 88' lang='lat' dir='ltr'>integer</span> <span class='ocrx_word' id='word_1_227' title='bbox 1581 3589 1606 3648; x_wconf 80' lang='lat'>3</span> <span class='ocrx_word' id='word_1_228' title='bbox 1623 3565 1679 3633; x_wconf 86' lang='lat' dir='ltr'>si</span> <span class='ocrx_word' id='word_1_229' title='bbox 1699 3566 1962 3653; x_wconf 86' lang='lat' dir='ltr'>minus,</span> <span class='ocrx_word' id='word_1_230' title='bbox 1981 3566 2252 3641; x_wconf 84' lang='lat' dir='ltr'>debilis.</span> <span class='ocrx_word' id='word_1_231' title='bbox 2281 3570 2564 3673; x_wconf 76' lang='lat' dir='ltr'>Quam-</span> 
     </span>
     <span class='ocr_line' id='line_1_31' title="bbox 645 3664 2568 3769; baseline 0.01 -38"><span class='ocrx_word' id='word_1_232' title='bbox 645 3682 967 3757; x_wconf 87' lang='lat' dir='ltr'>cumque</span> <span class='ocrx_word' id='word_1_233' title='bbox 992 3664 1355 3741; x_wconf 80' lang='lat' dir='ltr'>fortunam</span> <span class='ocrx_word' id='word_1_234' title='bbox 1399 3675 1777 3767; x_wconf 81' lang='lat' dir='ltr'>acceperit,</span> <span class='ocrx_word' id='word_1_235' title='bbox 1827 3675 2100 3769; x_wconf 81' lang='lat' dir='ltr'>aliquid</span> <span class='ocrx_word' id='word_1_236' title='bbox 2131 3702 2225 3747; x_wconf 84' lang='lat' dir='ltr'>ex</span> <span class='ocrx_word' id='word_1_237' title='bbox 2251 3678 2368 3749; x_wconf 85' lang='lat' dir='ltr'>illa</span> <span class='ocrx_word' id='word_1_238' title='bbox 2403 3700 2568 3749; x_wconf 85' lang='lat' dir='ltr'>rne-</span> 
     </span>
     <span class='ocr_line' id='line_1_32' title="bbox 646 3775 2576 3881; baseline 0.014 -39"><span class='ocrx_word' id='word_1_239' title='bbox 646 3775 993 3849; x_wconf 72' lang='lat' dir='ltr'>motabile</span> <span class='ocrx_word' id='word_1_240' title='bbox 1025 3779 1292 3855; x_wconf 86' lang='lat' dir='ltr'>efficiet.</span> <span class='ocrx_word' id='word_1_241' title='bbox 1335 3780 1536 3857; x_wconf 86' lang='lat' dir='ltr'>Certi</span> <span class='ocrx_word' id='word_1_242' title='bbox 1565 3802 1734 3861; x_wconf 83' lang='lat' dir='ltr'>sunt</span> <span class='ocrx_word' id='word_1_243' title='bbox 1775 3784 2164 3863; x_wconf 78' lang='lat' dir='ltr'>domitores</span> <span class='ocrx_word' id='word_1_244' title='bbox 2198 3788 2508 3873; x_wconf 84' lang='lat' dir='ltr'>ferarum</span> <span class='ocrx_word' id='word_1_245' title='bbox 2532 3840 2576 3881; x_wconf 82' lang='lat'>,.</span> 
     </span>
    </p>
   </div>
   <div class='ocr_carea' id='block_1_3' title="bbox 2755 2638 2757 2677">
    <p class='ocr_par' dir='ltr' id='par_1_3' title="bbox 2755 2638 2757 2677">
     <span class='ocr_line' id='line_1_33' title="bbox 2755 2638 2757 2677; baseline 0 0"><span class='ocrx_word' id='word_1_246' title='bbox 2755 2638 2757 2677; x_wconf 72' lang='lat'>&lt;</span> 
     </span>
    </p>
   </div>
   <div class='ocr_carea' id='block_1_4' title="bbox 2744 4006 2749 4769">
    <p class='ocr_par' dir='ltr' id='par_1_4' title="bbox 2744 4006 2749 4769">
     <span class='ocr_line' id='line_1_34' title="bbox 2744 4006 2749 4769; baseline 0 0"><span class='ocrx_word' id='word_1_247' title='bbox 2744 4006 2749 4769; x_wconf 95' lang='lat' dir='ltr'> </span> 
     </span>
    </p>
   </div>
  </div>
 </body>
</html>
