2809 4850
657 369 1787 485 EPISTQLAMX.
2056 387 2189 486 ιε,

256 542 586 623 ptatemz
619 532 966 624 quamvis
998 533 1194 606 enim
1213 559 1316 607 ex
1353 536 1653 608 honesta
1696 560 1899 610 causa
1934 539 2195 634 inpeti-

258 655 392 712 tus
419 641 646 713 homo
667 641 1008 740 gaudeat,
1035 659 1278 716 tam-en
1297 642 1661 718 adfectum
1690 646 1835 732 eius
1858 649 2193 742 inpoten-

259 769 422 826 tem
443 803 468 842 ,
500 753 672 826 etin
695 753 963 828 diversa
990 758 1226 830 statim
1249 758 1758 857 inclinaturum
1787 809 1811 848 ,
1852 763 2193 856 volupta-

249 879 422 936 tem
448 889 676 954 voco,
724 866 1070 961 opinione
1108 867 1258 942 falsi
1285 867 1467 944 boni
1504 885 1820 962 motam,
1854 869 2195 949 inmode-

257 992 495 1048 ratam
523 993 596 1052 et
621 976 1084 1050 inmodicam.
1432 1058 1436 1062 ,
1580 1047 1593 1066 ,

372 1084 516 1158 Sed
534 1139 561 1176 ,
587 1105 671 1159 ut
699 1087 790 1160 ad
813 1091 1266 1184 propositum
1294 1107 1636 1179 revertar,
1666 1089 1839 1163 audi
1867 1093 2049 1186 quid
2074 1119 2195 1168 me

267 1198 346 1268 in
393 1199 688 1304 epistola
721 1215 846 1270 tua
893 1197 1368 1273 delectaverit.
1408 1202 1649 1273 Habes
1685 1202 1903 1275 verba
1944 1205 2021 1278 in
2060 1198 2197 1300 po-

267 1321 524 1396 testate
549 1332 574 1391 3
611 1329 766 1378 non
789 1305 991 1380 effert
1027 1323 1103 1380 te
1129 1309 1387 1400 oratio,
1438 1334 1573 1382 nec
1599 1311 1883 1409 longius
1903 1364 1929 1400 ,
1968 1337 2195 1406 quam

267 1416 676 1504 destinasti,
715 1416 952 1491 trahit.
1011 1418 1226 1490 Multi
1272 1435 1481 1506 sunt,
1531 1421 1663 1520 qui
1696 1419 1787 1492 ad
1825 1420 1947 1509 id,
1986 1422 2193 1515 quod

265 1551 425 1600 non
451 1544 977 1623 proposuerant
996 1527 1294 1600 scribere
1311 1579 1333 1614 ,
1359 1529 1659 1602 alicuius
1674 1531 1873 1604 verbi
1898 1533 2193 1625 placen·-
2286 1609 2300 1620 ,

264 1639 358 1710 tis
384 1633 643 1712 decore
665 1637 1054 1723 vocentuu
1083 1637 1292 1731 quod
1327 1637 1469 1714 tibi
1501 1661 1655 1711 non
1688 1641 1973 1736 evenit:
2000 1666 2191 1737 prea-

263 1771 337 1826 za
376 1761 546 1819 sunt
569 1745 853 1834 omnia,
900 1761 977 1818 et
1013 1744 1113 1816 rei
1151 1759 1409 1838 aptata.
1447 1743 1795 1837 Loqueris
1824 1763 2185 1840 quantum

267 1857 374 1928 vis
393 1909 416 1942 ‚
453 1874 526 1928 et
551 1858 714 1950 plus
732 1855 1070 1953 significas
1096 1879 1313 1949 quam
1340 1855 1673 1948 loqueris.
1726 1855 1887 1928 Hoc
1912 1857 2195 1930 maioris

260 1965 368 2036 rei
387 1963 738 2038 indicium
767 1978 905 2034 est:
942 1962 1236 2058 adparet
1256 2015 1282 2050 ,
1321 1963 1648 2034 animum
1680 1986 1983 2056 quoque
2008 1964 2193 2040 nihil

261 2068 530 2144 habere
566 2075 1022 2167 supervacui,
1067 2073 1252 2146 nihil
1289 2073 1576 2146 tumidi.
1642 2075 1943 2146 Invenio
1988 2099 2189 2148 nune
2228 2103 2233 2110 ·

260 2182 750 2262 translationes
791 2185 1178 2256 verborum
1197 2233 1225 2272 ,
1268 2201 1349 2256 ut
1399 2207 1555 2256 non
1608 2184 2040 2275 temerarias,
2090 2182 2191 2258 ita

259 2315 418 2366 non
444 2292 846 2368 indecem:
879 2293 1126 2387 itaque
1147 2295 1553 2388 periculum
1576 2293 1683 2366 sui
1708 2293 2023 2366 fecerint.
2064 2293 2188 2366 Ins·
2246 2287 2253 2296 ’

259 2405 483 2477 venio
525 2403 896 2503 imagines:
937 2403 1205 2498 quibus
1249 2401 1304 2475 si
1333 2402 1493 2498 quia
1538 2427 1668 2475 nos
1702 2404 1813 2477 uti
1838 2419 2071 2493 vetat,
2105 2419 2185 2477 et

261 2520 496 2611 poetis
527 2517 676 2589 illas
701 2520 864 2591 solis
895 2500 1162 2589 iudicat
1197 2542 1338 2590 esse
1371 2539 1727 2589 concessas
1748 2567 1772 2605 ,
1814 2516 2194 2591 neminem·

259 2627 444 2699 mihi
470 2626 756 2697 videtur
779 2650 872 2699 ex
893 2625 1204 2721 antiquis
1232 2628 1520 2724 legisse3
1556 2624 1757 2719 apud
1784 2649 1967 2721 quos
1998 2618 2189 2717 nun·-

261 2738 448 2833 dum
489 2737 902 2831 captabatur
943 2737 1326 2833 plausibilis
1351 2736 1598 2809 oratio.
1641 2735 1803 2823 Illi,
1846 2736 1975 2828 qui
2012 2736 2185 2813 aim?

259 2848 542 2941 pliciter
559 2864 631 2919 et
653 2847 1246 2921 demonstrandae
1267 2850 1366 2919 rei
1386 2871 1591 2919 causa
1618 2848 2176 2937 eloquebantur,

233 2958 614 3067 ‘parabplis
636 2955 896 3029 referti‘
912 2972 1118 3057 sunt3
1155 2978 1330 3049 quas
1357 2953 1686 3028 existimo
1727 2960 2135 3043 necessarias
2155 3004 2181 3044 ,

259 3095 418 3141 non
447 3092 544 3141 ex
567 3069 818 3143 eadem
851 3092 1054 3143 canusa
1079 3092 1222 3160 qua
1253 3066 1483 3162 poetis
1503 3116 1526 3154 ,
1570 3064 1693 3137 sed
1724 3083 1805 3135 ut
1829 3065 2184 3143 inbecilli-

254 3178 422 3251 tatis
461 3196 740 3259 nostrae
775 3177 1212 3251 adminicula
1233 3179 1409 3263 sint,
1456 3194 1530 3250 et
1568 3190 1651 3245 ut
1674 3172 2065 3247 discentem
2104 3186 2179 3248 et

257 3289 678 3374 audientem
715 3290 792 3361 in
821 3310 974 3359 tem
1009 3302 1451 3382 praesentem
1476 3282 1859 3357 adducant.

355 3396 404 3469 S
428 3420 476 3471 Ε
497 3419 553 3471 x
575 3419 622 3471 ‘r
650 3420 680 3473 1
699 3418 751 3471 U
777 3418 842 3469 M
888 3422 1052 3469 ecce
1103 3398 1651 3491 quummaxime
1688 3395 1881 3489 lego,
1938 3388 2173 3491 virum

257 3532 535 3597 acrem,
581 3507 863 3579 Graecis
891 3505 1164 3592 verbiS,
1207 3502 1547 3577 Romanis
1588 3499 1913 3573 mor-ibus
1936 3497 2177 3591 philo·-

260 3620 708 3711 sophantem.
756 3616 991 3689 Movit
1035 3639 1152 3685 me
1189 3613 1428 3711 imago
1472 3610 1567 3683 ab
1606 3612 1730 3681 illo
1769 3607 2037 3703 posita:
2082 3608 2179 3679 ire

258 3728 577 3824 quadrato
624 3729 882 3821 agmine
904 3727 1294 3799 exerc-itum,
1331 3723 1441 3793 uhi
1464 3720 1661 3811 hostis
1692 3718 1771 3791 ab
1795 3717 1966 3791 omni
1979 3736 2173 3817 parte

263 3854 596 3937 suspectus
641 3855 782 3915 est.
810 3824 1093 3935 pugnae
1113 3850 1441 3933 paratum.
1500 3828 1713 3908 Idem.
1750 3825 2031 3929 inquit„
2064 3855 2178 3938 ξας
