2809 4850
741 362 836 463 58
1117 359 1206 432 L.
1253 316 1717 433 ΑΝΝΑΕῙ
1764 353 2287 430 SENECAE
2376 450 2380 460 ¹

741 541 902 612 tus,
933 521 1144 594 furor
1169 493 1310 594 est:
1357 538 1433 594 et
1470 521 1637 594 ideo
1660 520 1759 592 ira
1780 517 2070 592 vitanda
2114 533 2256 607 est,
2297 537 2453 594 non
2492 531 2659 592 mo*-

743 633 1128 708 derationis
1151 655 1395 722 causa,
1420 631 1545 704 sed
1569 631 1895 704 sanitatis.
1930 629 2133 703 Vale.

1200 813 1865 890 EPISTOLA
1940 793 2177 886 xlx.

735 959 1054 1022 emittendas
1075 972 1168 1013 aut
1191 959 1493 1014 abiicienda
1524 949 1887 1028 occupationes
1900 997 1915 1023 ,
1938 971 1995 1014 et
2018 959 2179 1014 otium
2206 960 2503 1030 captandum
2518 977 2535 1012 τ
2566 963 2656 1015 sed

867 1042 1032 1098 ‘tium
1045 1082 1061 1107 ,
1081 1061 1188 1097 nou
1205 1044 1443 1100 latebras.
1473 1044 1659 1096 Monet
1677 1045 1739 1095 ab
1761 1044 1871 1094 aula
1887 1054 1941 1094 et
1961 1043 2223 1110 splendore
2242 1043 2412 1096 abire:
2432 1057 2562 1110 quae
2581 1053 2658 1092 tu·

867 1125 1060 1176 multus
1081 1135 1135 1176 et
1152 1121 1338 1176 fluctus
1357 1139 1485 1176 suos
1506 1123 1708 1175 habent.
1740 1122 1986 1174 clausula
2002 1121 2064 1174 ab
2082 1121 2257 1176 codem
2274 1121 2513 1195 magistro
2530 1137 2545 1172 ε
2562 1120 2657 1176 Vi·

867 1203 935 1258 de
953 1203 1255 1273 quibuscum
1277 1201 1450 1255 mensa
1472 1201 1832 1256 communices.

1125 1343 1465 1416 SENECA
1506 1341 1759 1414 Lucilio
1798 1366 1910 1412 suo
1947 1340 2260 1422 Salutem.
2622 1321 2665 1362 ⁸

742 1446 1170 1582 EXSULTO
1215 1505 1553 1600 quotiens
1596 1504 1919 1600 epistolas
1976 1518 2129 1574 tuas
2177 1503 2449 1598 accipio
2474 1528 2493 1573 ε
2544 1503 2655 1574 in·-

735 1619 944 1710 plent
975 1615 1170 1685 enim
1192 1638 1312 1686 me
1335 1615 1531 1685 bona
1554 1638 1710 1709 sper,
1744 1627 1822 1685 et
1846 1615 1990 1684 iam
2024 1638 2177 1687 non
2204 1615 2647 1708 promittunt

699 1723 836 1802 ,de
859 1740 934 1794 te
949 1773 975 1810 ‚
1001 1721 1126 1794 sed
1151 1722 1536 1815 spondent.
1600 1721 1703 1792 Ita
1724 1720 1864 1792 fac!
1912 1744 2041 1794 oro
2062 1737 2291 1814 atque
2312 1721 2647 1794 obsecroz

739 1832 922 1928 quid
953 1831 1146 1904 enim
1173 1831 1409 1924 habeo
1436 1830 1729 1918 melius,
1768 1829 1977 1924 quod
2012 1830 2321 1902 amicum
2346 1853 2599 1926 rogem
2624 1881 2647 1919 ‚

739 1967 961 2034 quam
1005 1941 1214 2036 quod
1249 1966 1385 2038 pro
1428 1942 1589 2035 ipso'
1628 1959 1995 2040 rogaturus
2032 1941 2239 2012 sum?
2294 1942 2351 2012 si
2392 1957 2645 2035 potes,

737 2051 1018 2124 subduc
1051 2068 1124 2122 te
1167 2051 1308 2121 istis
1349 2051 1988 2146 occupationibus;
2028 2050 2345 2122 siminus
2364 2100 2389 2136 ‚
2430 2050 2643 2142 eripe.

735 2159 914 2232 Satis
949 2162 1265 2232 multum
1309 2162 1653 2254 temporis
1690 2160 2093 2256 sparsimus;
2129 2158 2555 2252 incipiamus
2574 2157 2648 2228 in

735 2286 1102 2344 senectute
1137 2295 1291 2343 vasa
1337 2271 1713 2370 conligere.
1773 2270 2163 2362 Numquid
2210 2270 2645 2342 invidiosum

739 2378 890 2452 est?
913 2379 988 2453 in
1017 2379 1200 2453 freto
1225 2378 1569 2466 viximus,
1600 2377 1990 2452 moriamur
2006 2378 2086 2461 in
2108 2396 2349 2474 portu.
2378 2369 2665 2473 Neque*

739 2512 874 2586 ego
911 2490 1241 2562 suaserim
1283 2486 1425 2560 tibi
1470 2511 1744 2567 nomen
1788 2512 1879 2560 ex
1922 2490 2076 2561 otio
2110 2507 2392 2585 petere,
2440 2488 2646 2583 quod

737 2622 880 2671 nec
917 2600 1167 2672 iactare
1210 2598 1476 2688 debes,
1519 2622 1655 2673 nec
1704 2598 2161 2680 abscondere.
2217 2602 2646 2695 Numquam

739 2709 936 2787 enim
963 2734 1191 2804 usque
1231 2734 1322 2781 eo
1344 2728 1417 2782 te
1438 2709 1719 2811 abigam
1738 2761 1761 2799 ‚
1788 2710 2057 2810 generis
2091 2710 2384 2783 humani
2404 2710 2673 2783 furore*

699 2902 712 2909 -
741 2818 1123 2908 damnato,
1159 2836 1246 2890 ut
1284 2818 1625 2891 latebram
1652 2819 1783 2891 tibi
1809 2820 2127 2910 aliquam.
2148 2818 2371 2912 parari
2404 2833 2481 2889 et
2514 2818 2643 2889 ob-

735 2924 1083 2996 livionem
1106 2924 1354 2999 velim:
1399 2927 1476 2997 id
1500 2950 1659 3025 age,
1688 2946 1773 2998 ut
1795 2929 2026 2998 otium
2055 2946 2265 2999 tuum
2288 2952 2446 3001 non
2472 2931 2658 3025 erni·-⁸

739 3048 908 3104 neat
926 3084 952 3120 ,
981 3034 1106 3105 sed
1129 3034 1481 3129 adpareat.
1517 3035 1803 3107 Deinde
1828 3035 2187 3107 videbunt
2210 3035 2312 3107 de
2324 3037 2461 3109 isto
2488 3038 2645 3131 qui·

740 3139 879 3210 bus
903 3143 1167 3239 integra
1187 3163 1356 3214 sunt
1381 3160 1454 3215 et
1475 3144 1704 3237 prima
1726 3146 2038 3233 consilia,
2065 3168 2157 3219 an
2180 3148 2405 3219 velint
2420 3146 2642 3221 vitam

739 3272 870 3343 per
885 3250 1280 3323 obscurum
1297 3254 1784 3325 transmittere.
1803 3255 1975 3325 Tibi
1996 3256 2305 3331 liberum
2322 3282 2479 3331 non
2506 3273 2638 3329 estz

739 3360 820 3431 in
842 3358 1170 3443 medium
1195 3377 1268 3433 te
1304 3363 1615 3457 protulit
1636 3364 1909 3462 ingenii
1935 3366 2134 3463 vigor
2152 3416 2179 3457 ,
2212 3350 2641 3461 scriptorum

739 3469 1080 3565 elegantia
1095 3517 1120 3557 ,
1145 3472 1368 3543 clarae
1395 3488 1470 3543 et
1500 3472 1781 3545 nobiles
1800 3472 2149 3547 amicitiae
2168 3476 2363 3549 :jam
2380 3478 2643 3549 notitia

739 3592 818 3649 te
840 3578 1124 3650 invasit:
1150 3594 1234 3659 >ut
1255 3579 1332 3649 in
1355 3597 1673 3653 extrema
1696 3583 2023 3680 mergaris
2044 3633 2067 3671 ,
2104 3607 2187 3656 ac
2210 3586 2503 3681 penitus
2535 3610 2642 3659 re-
2764 3600 2766 3624 ¹

745 3686 1070 3759 condaris
1088 3739 1114 3778 ,
1159 3706 1406 3764 tamen.
1442 3693 1677 3787 priora
1716 3693 2235 3769 monstrabunt.
2279 3696 2643 3769 Tenebras

746 3792 1004 3869 habere
1039 3821 1192 3873 nen
1229 3818 1464 3896 potes:
1506 3804 1887 3899 sequetur,
1928 3831 2399 3904 quocumque
2436 3806 2644 3908 fuge-
2728 3880 2735 3891 .
