2809 4850
1137 169 1160 207 ὁ
1395 155 1431 188 N

737 399 838 475 66
1071 392 1154 464 L
1201 371 1683 464 ΑΝΝΑΕΙ
1744 379 2321 457 SENECAE

613 630 619 635 .
741 553 1126 662 Numquid
1154 575 1322 653 ergo
1345 552 1687 625 mentitus
1706 549 1851 623 est?
1884 549 2045 643 quis
2066 507 2471 620 Idomenea
2502 568 2676 618 nos-

736 681 881 752 set,
903 663 1036 734 nisi
1013 661 1395 756 Epicurus
1412 661 1615 733 illum
1640 659 1779 730 suis
1800 657 2016 730 literis
2040 655 2449 731 incidisset?
2474 655 2675 730 Om-

737 795 864 848 nes
891 773 1062 846 illos·
1077 769 1488 870 megistanas
1510 786 1583 840 et
1614 783 1945 862 satrapas,
1982 783 2059 838 et
2086 791 2331 866 regem
2368 765 2629 862 ipsum
2648 815 2676 856 ,

739 907 832 964 ex
855 906 1008 978 quo
1049 880 1422 954 Idomenei
1448 881 1701 950 titulus
1730 879 2121 973 ‚petebatur
2136 927 2161 963 ,
2214 877 2505 952 oblivio
2528 878 2672 978 alta

733 992 1138 1087 suppressit.
1175 979 1465 1060 No'men
1488 984 1707 1059 Attici
1733 986 1961 1082 perire
1996 985 2361 1058 Ciceronis
2392 985 2674 1080 episto-

735 1100 846 1170 lae
883 1119 1036 1172 non
1061 1097 1350 1170 sinunt:
1395 1095 1577 1168 nihil
1610 1097 1713 1168 illi
1752 1095 2127 1191 profuisset
2154 1119 2371 1195 gener
2398 1093 2673 1194 Agrip·

649 1205 656 1218 ’
735 1231 863 1303 pa,
893 1223 967 1278 et
987 1205 1317 1278 Tiberius
1357 1229 1711 1302 progener
1731 1256 1755 1294 ,
1798 1222 1873 1277 et
1906 1205 2175 1278 Drusus
2212 1203 2469 1278 Caesar
2502 1231 2675 1300 pro·
2760 1262 2777 1286 .

735 1337 1000 1409 nepos:
1037 1315 1224 1386 inter
1265 1331 1415 1386 tam
1444 1335 1701 1411 magna
1742 1314 2039 1385 nomina
2080 1331 2487 1402 taceretur,
2534 1313 2670 1384 nisi

738 1425 988 1496 Cicero
1016 1426 1223 1496 illum
1257 1423 1721 1519 adplicuisset.
1772 1423 2139 1496 Profunda
2166 1448 2373 1518 supra
2398 1446 2545 1496 nos
2570 1426 2670 1494 al·

735 1533 983 1606 titudo
1009 1534 1354 1628 temporis
1389 1534 1631 1604 veniet
1650 1560 1687 1618 3·
1720 1558 1943 1628 pauca
1972 1535 2253 1630 ingenia
2281 1551 2517 1626 caput
2542 1557 2667 1604 ex-

735 1663 1003 1731 serent,
1043 1662 1158 1730 et,
1199 1645 1396 1716 idem
1438 1643 1888 1738 quandoque
1928 1642 2291 1730 silentium
2328 1642 2663 1726 obitura,

737 1753 1091 1826 oblivioni
1131 1754 1449 1826 resistent
1470 1805 1492 1842 ,
1521 1779 1602 1826 ac
1628 1779 1701 1826 se
1732 1753 1857 1825 diu
1886 1753 2380 1826 vindicabunt.
2420 1749 2665 1857 Quod

734 1863 1082 1958 Epicurus
1113 1861 1342 1934 amico
1370 1887 1507 1934 suo
1540 1862 1783 1957 potuit
1820 1864 2241 1959 promittere
2265 1911 2293 1952 ,
2334 1863 2485 1934 hoc
2524 1863 2660 1933 tibi

677 2004 686 2025 ι
733 1974 1118 2068 promitto,
1144 1972 1406 2046 Lucili.'
1432 1973 1740 2044 Habebo
1763 1974 1961 2098 apud
1986 1990 2305 2068 posteros
2330 1972 2657 2072 gratiam,

731 2105 1027 2178 possum
1063 2108 1354 2156 mecum
1381 2085 1713 2156 duratura
1738 2075 2035 2156 nor'nina
2058 2083 2379 2157 educere.
2418 2083 2657 2208 Virgi-

729 2192 868 2266 lius
891 2208 1132 2264 noster
1157 2192 1447 2264 duobus
1464 2194 1886 2265 memoriam
1910 2211 2263 2274 aeternam
2282 2193 2652 2290 promisit,

733 2316 809 2374 et
831 2317 1177 2396 praestat.

827 2407 1185 2482 Fortunati
1215 2409 1445 2483 ambo!
1474 2437 1531 2481 si
1517 2411 1707 2509 quid
1734 2438 1877 2486 mea
1904 2415 2197 2486 carmina
2218 2429 2539 2511 possunt.

829 2518 1019 2591 nulla
1047 2518 1182 2589 dies
1210 2538 1513 2615 umquam
1540 2525 1806 2593 memori
1824 2546 1931 2594 vos
1954 2524 2195 2601 eximet
2236 2546 2428 2598 aevo.

831 2623 983 2697 dum
1007 2625 1226 2697 domus
1247 2628 1523 2699 Aeneae
1534 2627 1821 2727 Capitoli*
1843 2630 2159 2701 immobile
2186 2652 2427 2701 saxum

753 2734 1122 2811 adcolet.
1149 2736 1605 2835 imperiumque
1619 2756 1813 2838 pater
1833 2740 2157 2811 Romanus
2184 2738 2463 2811 habebit.

731 2844 1311 2959 Quoscumque
1292 2868 1368 2917 m
1418 2847 1745 2919 medium
1786 2849 2076 2923 fortuna
2125 2850 2461 2944 protulit,
2490 2847 2647 2943 qui·

727 2976 1052 3046 cumque
1078 2956 1402 3029 membra
1424 2982 1505 3032 ac
1534 2973 1761 3052 partes
1792 2960 2059 3031 alienae
2086 2958 2483 3054 potentiae
2496 2959 2645 3033 fue-
2770 2982 2772 2989 ·

729 3076 931 3150 rant,
976 3062 1246 3135 horum
1295 3067 1511 3159 gratia
1554 3066 1827 3163 viguit,
1882 3066 2143 3139 domus
2199 3064 2643 3159 frequentata

729 3189 834 3245 est
850 3219 874 3260 ,-
911 3170 1147 3246 dum
1128 3170 1260 3265 ipsi
1287 3190 1665 3247 steteruntz
1711 3192 1873 3268 post
1896 3176 2084 3268 ipsos
2118 3176 2267 3249 cito
2296 3176 2641 3247 memoria

729 3279 1014 3356 defecit.
1089 3280 1557 3380 Ingeniorum
1604 3286 1847 3355 crescit
1885 3282 2245 3384 dignatio:
2293 3308 2429 3388 nec
2482 3284 2643 3381 ipsis
2766 3356 2768 3373 ι

727 3403 1015 3462 tantum
1055 3389 1294 3481 honor
1334 3391 1679 3482 habetur,
1718 3394 1847 3465 sed
1870 3444 1893 3484 ,
1936 3394 2307 3491 quidquid
2346 3396 2637 3469 illorum
2762 3470 2766 3485 1

726 3498 1114 3573 memoriae
1142 3498 1490 3597 adhaesit,
1513 3503 1894 3596 excipitur.

823 3608 944 3682 Ne
965 3610 1169 3707 gratis
1193 3608 1624 3686 Idomeneus
1649 3612 1726 3684 in
1755 3614 2124 3708 epistolam
2160 3640 2397 3697 meam
2420 3639 2635 3689 vene·
2759 3608 2764 3629 “’

725 3716 817 3789 rit
833 3770 858 3807 ‚
884 3720 1034 3813 ipse
1058 3745 1213 3793 eam
1255 3721 1350 3793 de
1367 3748 1500 3797 suo
1516 3721 1847 3800 redimet.
1886 3725 2006 3799 Ad
2044 3730 2241 3801 hunc
2284 3726 2400 3799 ΕΡ
2426 3746 2457 3798 r
2484 3748 2527 3799 c
2552 3744 2636 3797 u·

726 3844 783 3905 Β
802 3846 856 3901 u
877 3846 916 3903 s
939 3829 1134 3907 illam
1154 3832 1484 3911 nobilem
1506 3838 1933 3944 sententiam
1956 3840 2225 3937 scripsit
2244 3890 2270 3933 ‚
2298 3864 2446 3937 qua
2468 3840 2631 3914 hor·
