<?xml version="1.0" encoding="UTF-8"?>
<!DOCTYPE html PUBLIC "-//W3C//DTD XHTML 1.0 Transitional//EN"
    "http://www.w3.org/TR/xhtml1/DTD/xhtml1-transitional.dtd">
<html xmlns="http://www.w3.org/1999/xhtml" xml:lang="en" lang="en">
 <head>
  <title>
</title>
<meta http-equiv="Content-Type" content="text/html;charset=utf-8" />
  <meta name='ocr-system' content='tesseract 3.04.00' />
  <meta name='ocr-capabilities' content='ocr_page ocr_carea ocr_par ocr_line ocrx_word'/>
</head>
<body>
  <div class='ocr_page' id='page_1' title='image "./lannaeisenecaea01bipogoog_0096.png"; bbox 0 0 2809 4850; ppageno 0'>
   <div class='ocr_carea' id='block_1_1' title="bbox 634 369 2172 466">
    <p class='ocr_par' dir='ltr' id='par_1_1' title="bbox 634 369 2172 466">
     <span class='ocr_line' id='line_1_1' title="bbox 634 369 2172 466; baseline -0.007 -1"><span class='ocrx_word' id='word_1_1' title='bbox 634 387 733 466; x_wconf 80' lang='lat'><strong>86</strong></span> <span class='ocrx_word' id='word_1_2' title='bbox 1014 369 1606 458; x_wconf 65' lang='lat' dir='ltr'>L‘ANNAEI</span> <span class='ocrx_word' id='word_1_3' title='bbox 1652 375 2172 456; x_wconf 79' lang='lat' dir='ltr'><strong>SENECAE</strong></span> 
     </span>
    </p>
   </div>
   <div class='ocr_carea' id='block_1_2' title="bbox 572 535 2594 3911">
    <p class='ocr_par' dir='ltr' id='par_1_2' title="bbox 626 535 2566 966">
     <span class='ocr_line' id='line_1_2' title="bbox 626 535 2560 640; baseline -0.005 -21"><span class='ocrx_word' id='word_1_4' title='bbox 626 565 787 619; x_wconf 75' lang='lat' dir='ltr'><strong>non</strong></span> <span class='ocrx_word' id='word_1_5' title='bbox 812 545 1069 640; x_wconf 78' lang='lat' dir='ltr'><strong>possim</strong></span> <span class='ocrx_word' id='word_1_6' title='bbox 1103 541 1329 620; x_wconf 79' lang='lat' dir='ltr'><strong>facere</strong></span> <span class='ocrx_word' id='word_1_7' title='bbox 1351 537 1888 637; x_wconf 82' lang='lat' dir='ltr'><strong>;·quae·nolim,‘</strong></span> <span class='ocrx_word' id='word_1_8' title='bbox 1916 560 2116 635; x_wconf 79' lang='lat' dir='ltr'><strong>posse</strong></span> <span class='ocrx_word' id='word_1_9' title='bbox 2155 535 2560 610; x_wconf 78' lang='lat' dir='ltr'><strong>habiturus.</strong></span> 
     </span>
     <span class='ocr_line' id='line_1_3' title="bbox 635 653 2564 748; baseline -0.006 -20"><span class='ocrx_word' id='word_1_10' title='bbox 635 654 863 748; x_wconf 81' lang='lat' dir='ltr'><strong>Atqui</strong></span> <span class='ocrx_word' id='word_1_11' title='bbox 890 657 943 726; x_wconf 88' lang='lat' dir='ltr'><strong>si</strong></span> <span class='ocrx_word' id='word_1_12' title='bbox 963 658 1196 731; x_wconf 83' lang='lat' dir='ltr'><strong>nolim</strong></span> <span class='ocrx_word' id='word_1_13' title='bbox 1218 653 1594 747; x_wconf 78' lang='lat' dir='ltr'><strong>quidquid.</strong></span> <span class='ocrx_word' id='word_1_14' title='bbox 1611 675 1762 724; x_wconf 84' lang='lat' dir='ltr'><strong>non</strong></span> <span class='ocrx_word' id='word_1_15' title='bbox 1799 674 2089 746; x_wconf 85' lang='lat' dir='ltr'><strong>possum</strong></span> <span class='ocrx_word' id='word_1_16' title='bbox 2108 663 2147 736; x_wconf 83' lang='lat'><strong>,&#39;</strong></span> <span class='ocrx_word' id='word_1_17' title='bbox 2166 672 2315 718; x_wconf 86' lang='lat' dir='ltr'><strong>non</strong></span> <span class='ocrx_word' id='word_1_18' title='bbox 2347 669 2564 741; x_wconf 88' lang='lat' dir='ltr'><strong>posse</strong></span> 
     </span>
     <span class='ocr_line' id='line_1_4' title="bbox 636 756 2566 871; baseline -0.007 -33"><span class='ocrx_word' id='word_1_19' title='bbox 636 790 757 838; x_wconf 82' lang='lat' dir='ltr'><strong>me</strong></span> <span class='ocrx_word' id='word_1_20' title='bbox 782 765 1076 860; x_wconf 76' lang='lat' dir='ltr'><strong>gaudeo.</strong></span> <span class='ocrx_word' id='word_1_21' title='bbox 1100 766 1311 871; x_wconf 76' lang='lat' dir='ltr'><strong>Quae</strong></span> <span class='ocrx_word' id='word_1_22' title='bbox 1341 763 1534 836; x_wconf 80' lang='lat' dir='ltr'><strong>enim</strong></span> <span class='ocrx_word' id='word_1_23' title='bbox 1553 763 1839 853; x_wconf 84' lang='lat' dir='ltr'><strong>querela</strong></span> <span class='ocrx_word' id='word_1_24' title='bbox 1865 776 2006 847; x_wconf 87' lang='lat' dir='ltr'><strong>est,</strong></span> <span class='ocrx_word' id='word_1_25' title='bbox 2037 756 2242 853; x_wconf 82' lang='lat' dir='ltr'><strong>quod</strong></span> <span class='ocrx_word' id='word_1_26' title='bbox 2271 758 2566 828; x_wconf 81' lang='lat' dir='ltr'><strong>incom-</strong></span> 
     </span>
     <span class='ocr_line' id='line_1_5' title="bbox 634 865 2546 966; baseline -0.006 -20"><span class='ocrx_word' id='word_1_27' title='bbox 634 871 994 962; x_wconf 72' lang='lat' dir='ltr'><strong>modum,</strong></span> <span class='ocrx_word' id='word_1_28' title='bbox 1034 873 1129 958; x_wconf 84' lang='lat' dir='ltr'><strong>si,</strong></span> <span class='ocrx_word' id='word_1_29' title='bbox 1184 872 1395 966; x_wconf 85' lang='lat' dir='ltr'><strong>quod</strong></span> <span class='ocrx_word' id='word_1_30' title='bbox 1439 871 1658 942; x_wconf 81' lang='lat' dir='ltr'><strong>debet</strong></span> <span class='ocrx_word' id='word_1_31' title='bbox 1707 869 2062 954; x_wconf 77' lang='lat' dir='ltr'><strong>desinere,</strong></span> <span class='ocrx_word' id='word_1_32' title='bbox 2103 865 2436 938; x_wconf 83' lang='lat' dir='ltr'><strong>defecit?</strong></span> <span class='ocrx_word' id='word_1_33' title='bbox 2471 903 2546 920; x_wconf 90' lang='lat'><strong>--</strong></span> 
     </span>
    </p>

    <p class='ocr_par' dir='ltr' id='par_1_3' title="bbox 634 975 2588 1296">
     <span class='ocr_line' id='line_1_6' title="bbox 634 975 2588 1070; baseline -0.005 -18"><span class='ocrx_word' id='word_1_34' title='bbox 634 979 1197 1062; x_wconf 75' lang='lat' dir='ltr'>Incommodum</span> <span class='ocrx_word' id='word_1_35' title='bbox 1243 1004 1610 1053; x_wconf 82' lang='lat' dir='ltr'><strong>summum</strong></span> <span class='ocrx_word' id='word_1_36' title='bbox 1665 995 1766 1050; x_wconf 86' lang='lat' dir='ltr'><strong>est</strong></span> <span class='ocrx_word' id='word_1_37' title='bbox 1790 1030 1813 1065; x_wconf 93' lang='lat'><strong>,</strong></span> <span class='ocrx_word' id='word_1_38' title='bbox 1860 979 2100 1070; x_wconf 83' lang='lat' dir='ltr'>inquis</span> <span class='ocrx_word' id='word_1_39' title='bbox 2120 1029 2142 1064; x_wconf 91' lang='lat'><strong>,</strong></span> <span class='ocrx_word' id='word_1_40' title='bbox 2194 975 2430 1046; x_wconf 86' lang='lat' dir='ltr'><strong>minui</strong></span> <span class='ocrx_word' id='word_1_41' title='bbox 2481 977 2588 1044; x_wconf 85' lang='lat' dir='ltr'><strong>et&#39;</strong></span> 
     </span>
     <span class='ocr_line' id='line_1_7' title="bbox 638 1083 2560 1187; baseline -0.002 -27"><span class='ocrx_word' id='word_1_42' title='bbox 638 1089 999 1183; x_wconf 81' lang='lat' dir='ltr'><strong>deperire3</strong></span> <span class='ocrx_word' id='word_1_43' title='bbox 1031 1108 1103 1164; x_wconf 89' lang='lat' dir='ltr'><strong>et</strong></span> <span class='ocrx_word' id='word_1_44' title='bbox 1122 1143 1147 1176; x_wconf 91' lang='lat'><strong>,</strong></span> <span class='ocrx_word' id='word_1_45' title='bbox 1176 1107 1261 1163; x_wconf 86' lang='lat' dir='ltr'><strong>ut</strong></span> <span class='ocrx_word' id='word_1_46' title='bbox 1290 1091 1578 1185; x_wconf 65' lang='lat' dir='ltr'><strong>proprie</strong></span> <span class='ocrx_word' id='word_1_47' title='bbox 1607 1088 1842 1160; x_wconf 85' lang='lat' dir='ltr'><strong>dicam</strong></span> <span class='ocrx_word' id='word_1_48' title='bbox 1863 1138 1886 1174; x_wconf 92' lang='lat'><strong>,</strong></span> <span class='ocrx_word' id='word_1_49' title='bbox 1920 1088 2330 1187; x_wconf 79' lang='lat' dir='ltr'><strong>liquescere.</strong></span> <span class='ocrx_word' id='word_1_50' title='bbox 2377 1083 2560 1156; x_wconf 87' lang='lat' dir='ltr'><strong>Non</strong></span> 
     </span>
     <span class='ocr_line' id='line_1_8' title="bbox 640 1195 2558 1296; baseline -0.003 -25"><span class='ocrx_word' id='word_1_51' title='bbox 640 1200 837 1274; x_wconf 83' lang='lat' dir='ltr'><strong>enim</strong></span> <span class='ocrx_word' id='word_1_52' title='bbox 858 1202 1095 1275; x_wconf 81' lang='lat' dir='ltr'><strong>subito</strong></span> <span class='ocrx_word' id='word_1_53' title='bbox 1116 1202 1401 1296; x_wconf 75' lang='lat' dir='ltr'><strong>impulsi</strong></span> <span class='ocrx_word' id='word_1_54' title='bbox 1419 1223 1500 1272; x_wconf 84' lang='lat' dir='ltr'><strong>ac</strong></span> <span class='ocrx_word' id='word_1_55' title='bbox 1514 1198 1840 1293; x_wconf 81' lang='lat' dir='ltr'>prostrati</span> <span class='ocrx_word' id='word_1_56' title='bbox 1855 1221 2012 1268; x_wconf 87' lang='lat' dir='ltr'><strong>sum</strong></span> <span class='ocrx_word' id='word_1_57' title='bbox 2021 1221 2132 1283; x_wconf 82' lang='lat' dir='ltr'><strong>us3</strong></span> <span class='ocrx_word' id='word_1_58' title='bbox 2159 1195 2522 1288; x_wconf 75' lang='lat' dir='ltr'>carpimur</span> <span class='ocrx_word' id='word_1_59' title='bbox 2535 1221 2558 1266; x_wconf 75' lang='grc' dir='ltr'><strong><em>ε</em></strong></span> 
     </span>
    </p>

    <p class='ocr_par' dir='ltr' id='par_1_4' title="bbox 636 1302 2564 1733">
     <span class='ocr_line' id='line_1_9' title="bbox 636 1302 2564 1406; baseline -0.003 -29"><span class='ocrx_word' id='word_1_60' title='bbox 636 1307 898 1406; x_wconf 81' lang='lat' dir='ltr'><strong>singuli</strong></span> <span class='ocrx_word' id='word_1_61' title='bbox 931 1310 1079 1380; x_wconf 86' lang='lat' dir='ltr'><strong>dies</strong></span> <span class='ocrx_word' id='word_1_62' title='bbox 1103 1309 1375 1402; x_wconf 85' lang='lat' dir='ltr'><strong>aliquid</strong></span> <span class='ocrx_word' id='word_1_63' title='bbox 1402 1309 1833 1378; x_wconf 82' lang='lat' dir='ltr'><strong>subtrahunt</strong></span> <span class='ocrx_word' id='word_1_64' title='bbox 1863 1305 2149 1404; x_wconf 57' lang='lat' dir='ltr'><strong>vitibus.</strong></span> <span class='ocrx_word' id='word_1_65' title='bbox 2185 1345 2256 1359; x_wconf 90' lang='lat'>-</span> <span class='ocrx_word' id='word_1_66' title='bbox 2283 1303 2375 1375; x_wconf 88' lang='lat' dir='ltr'><strong>Et</strong></span> <span class='ocrx_word' id='word_1_67' title='bbox 2393 1302 2564 1397; x_wconf 73' lang='lat' dir='ltr'><strong>quis&#39;</strong></span> 
     </span>
     <span class='ocr_line' id='line_1_10' title="bbox 642 1417 2562 1512; baseline -0.002 -24"><span class='ocrx_word' id='word_1_68' title='bbox 642 1417 874 1489; x_wconf 83' lang='lat' dir='ltr'><strong>exitus</strong></span> <span class='ocrx_word' id='word_1_69' title='bbox 914 1437 1015 1489; x_wconf 76' lang='lat' dir='ltr'><strong>est</strong></span> <span class='ocrx_word' id='word_1_70' title='bbox 1058 1419 1354 1506; x_wconf 85' lang='lat' dir='ltr'><strong>melior,</strong></span> <span class='ocrx_word' id='word_1_71' title='bbox 1386 1441 1603 1512; x_wconf 85' lang='lat' dir='ltr'><strong>quam</strong></span> <span class='ocrx_word' id='word_1_72' title='bbox 1635 1419 1716 1506; x_wconf 65' lang='lat' dir='ltr'><strong>iq</strong></span> <span class='ocrx_word' id='word_1_73' title='bbox 1737 1418 1956 1489; x_wconf 83' lang='lat' dir='ltr'><strong>finem</strong></span> <span class='ocrx_word' id='word_1_74' title='bbox 2001 1427 2252 1502; x_wconf 79' lang='lat' dir='ltr'><strong>suum,</strong></span> <span class='ocrx_word' id='word_1_75' title='bbox 2305 1431 2562 1487; x_wconf 78' lang='lat' dir='ltr'><strong>natura</strong></span> 
     </span>
     <span class='ocr_line' id='line_1_11' title="bbox 640 1523 2562 1618; baseline -0.001 -25"><span class='ocrx_word' id='word_1_76' title='bbox 640 1525 1005 1612; x_wconf 71' lang='lat' dir='ltr'><strong>solvente,</strong></span> <span class='ocrx_word' id='word_1_77' title='bbox 1038 1525 1311 1596; x_wconf 77' lang='lat' dir='ltr'><strong>dilabi?</strong></span> <span class='ocrx_word' id='word_1_78' title='bbox 1349 1548 1501 1596; x_wconf 81' lang='lat' dir='ltr'><strong>non</strong></span> <span class='ocrx_word' id='word_1_79' title='bbox 1529 1526 1696 1618; x_wconf 85' lang='lat' dir='ltr'><strong>quia</strong></span> <span class='ocrx_word' id='word_1_80' title='bbox 1720 1525 1991 1617; x_wconf 81' lang='lat' dir='ltr'><strong>aliquid</strong></span> <span class='ocrx_word' id='word_1_81' title='bbox 2035 1525 2201 1600; x_wconf 83' lang='lat' dir='ltr'><strong>mali</strong></span> <span class='ocrx_word' id='word_1_82' title='bbox 2231 1541 2334 1596; x_wconf 85' lang='lat' dir='ltr'><strong>est</strong></span> <span class='ocrx_word' id='word_1_83' title='bbox 2375 1523 2562 1595; x_wconf 86' lang='lat' dir='ltr'><strong>citus</strong></span> 
     </span>
     <span class='ocr_line' id='line_1_12' title="bbox 642 1634 2560 1733; baseline -0.002 -24"><span class='ocrx_word' id='word_1_84' title='bbox 642 1653 717 1733; x_wconf 65' lang='lat' dir='ltr'><strong>qt</strong></span> <span class='ocrx_word' id='word_1_85' title='bbox 752 1661 793 1709; x_wconf 83' lang='lat' dir='ltr'><strong>e</strong></span> <span class='ocrx_word' id='word_1_86' title='bbox 822 1635 964 1716; x_wconf 65' lang='lat' dir='ltr'><strong>‚vita</strong></span> <span class='ocrx_word' id='word_1_87' title='bbox 993 1637 1409 1730; x_wconf 87' lang='lat' dir='ltr'><strong>repentinus</strong></span> <span class='ocrx_word' id='word_1_88' title='bbox 1433 1647 1780 1720; x_wconf 79' lang='lat' dir='ltr'><strong>excessus3</strong></span> <span class='ocrx_word' id='word_1_89' title='bbox 1819 1635 1940 1706; x_wconf 89' lang='lat' dir='ltr'><strong>sed</strong></span> <span class='ocrx_word' id='word_1_90' title='bbox 1985 1635 2154 1728; x_wconf 87' lang='lat' dir='ltr'><strong>quia</strong></span> <span class='ocrx_word' id='word_1_91' title='bbox 2181 1634 2355 1706; x_wconf 74' lang='lat' dir='ltr'><strong>l&#39;enis</strong></span> <span class='ocrx_word' id='word_1_92' title='bbox 2381 1635 2560 1706; x_wconf 83' lang='lat' dir='ltr'><strong>haec</strong></span> 
     </span>
    </p>

    <p class='ocr_par' dir='ltr' id='par_1_5' title="bbox 640 1743 2553 1842">
     <span class='ocr_line' id='line_1_13' title="bbox 640 1743 2553 1842; baseline 0.001 -30"><span class='ocrx_word' id='word_1_93' title='bbox 640 1746 757 1815; x_wconf 75' lang='lat' dir='ltr'><strong>via</strong></span> <span class='ocrx_word' id='word_1_94' title='bbox 798 1763 897 1816; x_wconf 87' lang='lat' dir='ltr'><strong>est</strong></span> <span class='ocrx_word' id='word_1_95' title='bbox 922 1797 944 1832; x_wconf 92' lang='lat'><strong>,</strong></span> <span class='ocrx_word' id='word_1_96' title='bbox 974 1747 1296 1818; x_wconf 85' lang='lat' dir='ltr'><strong>subduci.</strong></span> <span class='ocrx_word' id='word_1_97' title='bbox 1342 1747 1490 1842; x_wconf 87' lang='lat' dir='ltr'><strong>Ego</strong></span> <span class='ocrx_word' id='word_1_98' title='bbox 1517 1764 1743 1831; x_wconf 86' lang='lat' dir='ltr'><strong>certe,-</strong></span> <span class='ocrx_word' id='word_1_99' title='bbox 1772 1747 1970 1815; x_wconf 85' lang='lat' dir='ltr'><strong>velut</strong></span> <span class='ocrx_word' id='word_1_100' title='bbox 2003 1743 2553 1837; x_wconf 85' lang='lat' dir='ltr'><strong>adpropinquet</strong></span> 
     </span>
    </p>

    <p class='ocr_par' dir='ltr' id='par_1_6' title="bbox 600 1855 2565 2170">
     <span class='ocr_line' id='line_1_14' title="bbox 642 1855 2562 1954; baseline -0.002 -30"><span class='ocrx_word' id='word_1_101' title='bbox 642 1855 1219 1947; x_wconf 82' lang='lat' dir='ltr'><strong>experimentum</strong></span> <span class='ocrx_word' id='word_1_102' title='bbox 1246 1908 1269 1943; x_wconf 94' lang='lat'><strong>,</strong></span> <span class='ocrx_word' id='word_1_103' title='bbox 1307 1872 1380 1927; x_wconf 89' lang='lat' dir='ltr'><strong>et</strong></span> <span class='ocrx_word' id='word_1_104' title='bbox 1396 1857 1518 1948; x_wconf 80' lang='lat' dir='ltr'><strong>ille</strong></span> <span class='ocrx_word' id='word_1_105' title='bbox 1543 1859 1808 1927; x_wconf 77' lang='lat' dir='ltr'><strong>laturus</strong></span> <span class='ocrx_word' id='word_1_106' title='bbox 1831 1855 2258 1954; x_wconf 83' lang='lat' dir='ltr'><strong>sententiam</strong></span> <span class='ocrx_word' id='word_1_107' title='bbox 2285 1855 2562 1951; x_wconf 87' lang='lat' dir='ltr'><strong>deom-</strong></span> 
     </span>
     <span class='ocr_line' id='line_1_15' title="bbox 642 1965 2565 2065; baseline 0 -29"><span class='ocrx_word' id='word_1_108' title='bbox 642 1965 861 2036; x_wconf 81' lang='lat' dir='ltr'><strong>nibus</strong></span> <span class='ocrx_word' id='word_1_109' title='bbox 885 1968 1082 2038; x_wconf 87' lang='lat' dir='ltr'><strong>annis</strong></span> <span class='ocrx_word' id='word_1_110' title='bbox 1114 1969 1289 2038; x_wconf 88' lang='lat' dir='ltr'><strong>meis</strong></span> <span class='ocrx_word' id='word_1_111' title='bbox 1324 1967 1474 2050; x_wconf 87' lang='lat' dir='ltr'><strong>dies</strong></span> <span class='ocrx_word' id='word_1_112' title='bbox 1502 1967 1819 2065; x_wconf 43' lang='lat' dir='ltr'><strong>‘venerim</strong></span> <span class='ocrx_word' id='word_1_113' title='bbox 1868 1967 1963 2036; x_wconf 86' lang='lat' dir='ltr'><strong>ita</strong></span> <span class='ocrx_word' id='word_1_114' title='bbox 1993 1991 2110 2037; x_wconf 88' lang='lat' dir='ltr'><strong>me</strong></span> <span class='ocrx_word' id='word_1_115' title='bbox 2144 1965 2458 2042; x_wconf 79' lang='lat' dir='ltr'><strong>observo,</strong></span> <span class='ocrx_word' id='word_1_116' title='bbox 2483 1975 2565 2036; x_wconf 86' lang='lat' dir='ltr'><strong>et</strong></span> 
     </span>
     <span class='ocr_line' id='line_1_16' title="bbox 600 2073 2558 2170; baseline -0.002 -24"><span class='ocrx_word' id='word_1_117' title='bbox 600 2163 605 2170; x_wconf 85' lang='lat'><strong>.</strong></span> <span class='ocrx_word' id='word_1_118' title='bbox 642 2077 1033 2168; x_wconf 75' lang='lat' dir='ltr'><strong>adloquor:</strong></span> <span class='ocrx_word' id='word_1_119' title='bbox 1064 2129 1117 2161; x_wconf 92' lang='lat'><strong>‚‚</strong></span> <span class='ocrx_word' id='word_1_120' title='bbox 1138 2078 1334 2148; x_wconf 86' lang='lat' dir='ltr'><strong>Nihil</strong></span> <span class='ocrx_word' id='word_1_121' title='bbox 1356 2093 1498 2162; x_wconf 84' lang='lat' dir='ltr'><strong>est,</strong></span> <span class='ocrx_word' id='word_1_122' title='bbox 1524 2073 1858 2168; x_wconf 77' lang='lat' dir='ltr'><strong>inquam,</strong></span> <span class='ocrx_word' id='word_1_123' title='bbox 1885 2075 2124 2146; x_wconf 80' lang='lat' dir='ltr'><strong>adhu&#39;c</strong></span> <span class='ocrx_word' id='word_1_124' title='bbox 2142 2124 2165 2159; x_wconf 93' lang='lat'><strong>,</strong></span> <span class='ocrx_word' id='word_1_125' title='bbox 2186 2073 2402 2166; x_wconf 73' lang='lat' dir='ltr'><strong>⁶quod</strong></span> <span class='ocrx_word' id='word_1_126' title='bbox 2425 2087 2558 2144; x_wconf 83' lang='lat' dir='ltr'><strong>aut</strong></span> 
     </span>
    </p>

    <p class='ocr_par' dir='ltr' id='par_1_7' title="bbox 572 2179 2568 2495">
     <span class='ocr_line' id='line_1_17' title="bbox 642 2179 2568 2258; baseline -0.001 -4"><span class='ocrx_word' id='word_1_127' title='bbox 642 2185 859 2258; x_wconf 78' lang='lat' dir='ltr'><strong>rebus</strong></span> <span class='ocrx_word' id='word_1_128' title='bbox 892 2204 1017 2254; x_wconf 85' lang='lat' dir='ltr'><strong>aut</strong></span> <span class='ocrx_word' id='word_1_129' title='bbox 1060 2186 1284 2254; x_wconf 77' lang='lat' dir='ltr'><strong>verbis</strong></span> <span class='ocrx_word' id='word_1_130' title='bbox 1326 2179 1806 2254; x_wconf 75' lang='lat' dir='ltr'><strong>exhibuimus.</strong></span> <span class='ocrx_word' id='word_1_131' title='bbox 1865 2183 2078 2254; x_wconf 84' lang='lat' dir='ltr'><strong>Levia</strong></span> <span class='ocrx_word' id='word_1_132' title='bbox 2099 2199 2278 2254; x_wconf 73' lang='lat' dir='ltr'><strong>«sunt</strong></span> <span class='ocrx_word' id='word_1_133' title='bbox 2314 2184 2437 2256; x_wconf 83' lang='lat' dir='ltr'><strong>ista</strong></span> <span class='ocrx_word' id='word_1_134' title='bbox 2483 2197 2568 2252; x_wconf 84' lang='lat' dir='ltr'><strong>et</strong></span> 
     </span>
     <span class='ocr_line' id='line_1_18' title="bbox 572 2289 2564 2388; baseline -0.001 -28"><span class='ocrx_word' id='word_1_135' title='bbox 572 2333 581 2342; x_wconf 91' lang='lat'>-</span> <span class='ocrx_word' id='word_1_136' title='bbox 646 2289 913 2388; x_wconf 55' lang='lat' dir='ltr'><strong>fallacia</strong></span> <span class='ocrx_word' id='word_1_137' title='bbox 933 2292 1227 2384; x_wconf 80' lang='lat' dir='ltr'><strong>pignora</strong></span> <span class='ocrx_word' id='word_1_138' title='bbox 1256 2293 1522 2379; x_wconf 77' lang='lat' dir='ltr'><strong>animi„</strong></span> <span class='ocrx_word' id='word_1_139' title='bbox 1568 2293 1960 2382; x_wconf 87' lang='lat' dir='ltr'><strong>multisque</strong></span> <span class='ocrx_word' id='word_1_140' title='bbox 1996 2291 2323 2365; x_wconf 80' lang='lat' dir='ltr'><strong>involuta</strong></span> <span class='ocrx_word' id='word_1_141' title='bbox 2349 2293 2564 2362; x_wconf 67' lang='lat' dir='ltr'><strong>{eno-</strong></span> 
     </span>
     <span class='ocr_line' id='line_1_19' title="bbox 644 2399 2560 2495; baseline -0.001 -24"><span class='ocrx_word' id='word_1_142' title='bbox 644 2400 884 2489; x_wconf 75' lang='lat' dir='ltr'><strong>ciniisz</strong></span> <span class='ocrx_word' id='word_1_143' title='bbox 934 2400 1115 2494; x_wconf 89' lang='lat' dir='ltr'><strong>quid</strong></span> <span class='ocrx_word' id='word_1_144' title='bbox 1160 2399 1617 2495; x_wconf 84' lang='lat' dir='ltr'><strong>profecerim,</strong></span> <span class='ocrx_word' id='word_1_145' title='bbox 1672 2401 1885 2472; x_wconf 86' lang='lat' dir='ltr'><strong>morti</strong></span> <span class='ocrx_word' id='word_1_146' title='bbox 1930 2399 2324 2473; x_wconf 81' lang='lat' dir='ltr'><strong>crediturus</strong></span> <span class='ocrx_word' id='word_1_147' title='bbox 2367 2423 2560 2470; x_wconf 82' lang='lat' dir='ltr'><strong>sum.</strong></span> 
     </span>
    </p>

    <p class='ocr_par' dir='ltr' id='par_1_8' title="bbox 645 2506 2572 3479">
     <span class='ocr_line' id='line_1_20' title="bbox 645 2506 2564 2604; baseline -0.004 -21"><span class='ocrx_word' id='word_1_148' title='bbox 645 2506 825 2583; x_wconf 88' lang='lat' dir='ltr'><strong>Non</strong></span> <span class='ocrx_word' id='word_1_149' title='bbox 866 2507 1119 2579; x_wconf 87' lang='lat' dir='ltr'><strong>timide</strong></span> <span class='ocrx_word' id='word_1_150' title='bbox 1160 2510 1403 2602; x_wconf 75' lang='lat' dir='ltr'><strong>itaque</strong></span> <span class='ocrx_word' id='word_1_151' title='bbox 1457 2534 1863 2604; x_wconf 85' lang='lat' dir='ltr'><strong>componor</strong></span> <span class='ocrx_word' id='word_1_152' title='bbox 1911 2510 2005 2581; x_wconf 77' lang='lat' dir='ltr'><strong>ad</strong></span> <span class='ocrx_word' id='word_1_153' title='bbox 2056 2510 2263 2579; x_wconf 86' lang='lat' dir='ltr'><strong>illum</strong></span> <span class='ocrx_word' id='word_1_154' title='bbox 2317 2508 2564 2594; x_wconf 90' lang='lat' dir='ltr'><strong>diem,</strong></span> 
     </span>
     <span class='ocr_line' id='line_1_21' title="bbox 648 2615 2566 2710; baseline -0.002 -24"><span class='ocrx_word' id='word_1_155' title='bbox 648 2634 842 2706; x_wconf 88' lang='lat' dir='ltr'><strong>quo,</strong></span> <span class='ocrx_word' id='word_1_156' title='bbox 864 2617 1154 2687; x_wconf 82' lang='lat' dir='ltr'><strong>remotis</strong></span> <span class='ocrx_word' id='word_1_157' title='bbox 1178 2618 1478 2710; x_wconf 81' lang='lat' dir='ltr'><strong>strophis</strong></span> <span class='ocrx_word' id='word_1_158' title='bbox 1511 2642 1590 2689; x_wconf 85' lang='lat' dir='ltr'><strong>ac</strong></span> <span class='ocrx_word' id='word_1_159' title='bbox 1613 2617 1788 2689; x_wconf 86' lang='lat' dir='ltr'><strong>fucis</strong></span> <span class='ocrx_word' id='word_1_160' title='bbox 1805 2669 1828 2704; x_wconf 94' lang='lat'><strong>,</strong></span> <span class='ocrx_word' id='word_1_161' title='bbox 1855 2616 1948 2689; x_wconf 85' lang='lat' dir='ltr'><strong>de</strong></span> <span class='ocrx_word' id='word_1_162' title='bbox 1973 2641 2096 2687; x_wconf 83' lang='lat' dir='ltr'><strong>me</strong></span> <span class='ocrx_word' id='word_1_163' title='bbox 2123 2615 2566 2687; x_wconf 82' lang='lat' dir='ltr'><strong>iudicaturus</strong></span> 
     </span>
     <span class='ocr_line' id='line_1_22' title="bbox 648 2724 2568 2819; baseline 0 -26"><span class='ocrx_word' id='word_1_164' title='bbox 648 2746 809 2795; x_wconf 84' lang='lat' dir='ltr'><strong>sum</strong></span> <span class='ocrx_word' id='word_1_165' title='bbox 836 2776 861 2813; x_wconf 94' lang='lat'><strong>,</strong></span> <span class='ocrx_word' id='word_1_166' title='bbox 894 2742 1139 2801; x_wconf 85' lang='lat' dir='ltr'><strong>utrum</strong></span> <span class='ocrx_word' id='word_1_167' title='bbox 1160 2729 1423 2819; x_wconf 77' lang='lat' dir='ltr'><strong>loquar</strong></span> <span class='ocrx_word' id='word_1_168' title='bbox 1446 2727 1682 2815; x_wconf 68' lang='lat' dir='ltr'><strong>fon-tia,</strong></span> <span class='ocrx_word' id='word_1_169' title='bbox 1713 2752 1808 2800; x_wconf 82' lang='lat' dir='ltr'><strong>an</strong></span> <span class='ocrx_word' id='word_1_170' title='bbox 1832 2726 2170 2813; x_wconf 77' lang='lat' dir='ltr'><strong>sentiam3</strong></span> <span class='ocrx_word' id='word_1_171' title='bbox 2200 2724 2568 2819; x_wconf 87' lang='lat' dir='ltr'><strong>numquid</strong></span> 
     </span>
     <span class='ocr_line' id='line_1_23' title="bbox 650 2832 2572 2929; baseline 0 -26"><span class='ocrx_word' id='word_1_172' title='bbox 650 2832 1007 2907; x_wconf 80' lang='lat' dir='ltr'><strong>simulatio</strong></span> <span class='ocrx_word' id='word_1_173' title='bbox 1028 2834 1239 2910; x_wconf 81' lang='lat' dir='ltr'><strong>fuerit</strong></span> <span class='ocrx_word' id='word_1_174' title='bbox 1259 2854 1331 2907; x_wconf 85' lang='lat' dir='ltr'><strong>et</strong></span> <span class='ocrx_word' id='word_1_175' title='bbox 1359 2836 1648 2923; x_wconf 85' lang='lat' dir='ltr'><strong>mimus,</strong></span> <span class='ocrx_word' id='word_1_176' title='bbox 1686 2834 2051 2929; x_wconf 87' lang='lat' dir='ltr'><strong>quidquid</strong></span> <span class='ocrx_word' id='word_1_177' title='bbox 2077 2852 2320 2907; x_wconf 78' lang='lat' dir='ltr'><strong>contra</strong></span> <span class='ocrx_word' id='word_1_178' title='bbox 2341 2832 2572 2906; x_wconf 76' lang='lat' dir='ltr'><strong>fortu-</strong></span> 
     </span>
     <span class='ocr_line' id='line_1_24' title="bbox 652 2940 2569 3019; baseline -0.003 -5"><span class='ocrx_word' id='word_1_179' title='bbox 652 2966 823 3015; x_wconf 82' lang='lat' dir='ltr'><strong>nam</strong></span> <span class='ocrx_word' id='word_1_180' title='bbox 844 2944 1091 3017; x_wconf 81' lang='lat' dir='ltr'><strong>iactavi</strong></span> <span class='ocrx_word' id='word_1_181' title='bbox 1104 2943 1488 3019; x_wconf 84' lang='lat' dir='ltr'><strong>verborum</strong></span> <span class='ocrx_word' id='word_1_182' title='bbox 1511 2945 2067 3017; x_wconf 85' lang='lat' dir='ltr'><strong>contumacium.</strong></span> <span class='ocrx_word' id='word_1_183' title='bbox 2083 2943 2404 3013; x_wconf 85' lang='lat' dir='ltr'><strong>Remove</strong></span> <span class='ocrx_word' id='word_1_184' title='bbox 2425 2940 2569 3011; x_wconf 86' lang='lat' dir='ltr'><strong>exi·</strong></span> 
     </span>
     <span class='ocr_line' id='line_1_25' title="bbox 649 3044 2565 3141; baseline -0.001 -24"><span class='ocrx_word' id='word_1_185' title='bbox 649 3048 1135 3129; x_wconf 67' lang='lat' dir='ltr'><strong>etimationem</strong></span> <span class='ocrx_word' id='word_1_186' title='bbox 1176 3052 1599 3125; x_wconf 86' lang='lat' dir='ltr'><strong>hominum!</strong></span> <span class='ocrx_word' id='word_1_187' title='bbox 1649 3050 1870 3121; x_wconf 84' lang='lat' dir='ltr'><strong>dubia</strong></span> <span class='ocrx_word' id='word_1_188' title='bbox 1911 3072 2188 3141; x_wconf 78' lang='lat' dir='ltr'><strong>semper</strong></span> <span class='ocrx_word' id='word_1_189' title='bbox 2213 3066 2352 3133; x_wconf 85' lang='lat' dir='ltr'><strong>est,</strong></span> <span class='ocrx_word' id='word_1_190' title='bbox 2389 3062 2463 3115; x_wconf 91' lang='lat' dir='ltr'><strong>et</strong></span> <span class='ocrx_word' id='word_1_191' title='bbox 2486 3044 2565 3116; x_wconf 88' lang='lat' dir='ltr'><strong>in</strong></span> 
     </span>
     <span class='ocr_line' id='line_1_26' title="bbox 648 3154 2567 3253; baseline -0.005 -20"><span class='ocrx_word' id='word_1_192' title='bbox 648 3175 931 3250; x_wconf 78' lang='lat' dir='ltr'><strong>partem</strong></span> <span class='ocrx_word' id='word_1_193' title='bbox 962 3181 1340 3253; x_wconf 83' lang='lat' dir='ltr'><strong>utramque</strong></span> <span class='ocrx_word' id='word_1_194' title='bbox 1381 3159 1748 3239; x_wconf 77' lang='lat' dir='ltr'><strong>dividitur.</strong></span> <span class='ocrx_word' id='word_1_195' title='bbox 1787 3160 2108 3231; x_wconf 81' lang='lat' dir='ltr'><strong>Remove</strong></span> <span class='ocrx_word' id='word_1_196' title='bbox 2136 3154 2368 3226; x_wconf 82' lang='lat' dir='ltr'><strong>studia</strong></span> <span class='ocrx_word' id='word_1_197' title='bbox 2408 3168 2567 3245; x_wconf 65' lang='lat' dir='ltr'><strong>tota</strong></span> 
     </span>
     <span class='ocr_line' id='line_1_27' title="bbox 646 3262 2569 3363; baseline -0.002 -27"><span class='ocrx_word' id='word_1_198' title='bbox 646 3266 793 3337; x_wconf 78' lang='lat' dir='ltr'><strong>vita</strong></span> <span class='ocrx_word' id='word_1_199' title='bbox 826 3270 1149 3341; x_wconf 83' lang='lat' dir='ltr'><strong>tractata!</strong></span> <span class='ocrx_word' id='word_1_200' title='bbox 1198 3294 1387 3341; x_wconf 83' lang='lat' dir='ltr'><strong>mors</strong></span> <span class='ocrx_word' id='word_1_201' title='bbox 1429 3270 1521 3341; x_wconf 92' lang='lat' dir='ltr'><strong>de</strong></span> <span class='ocrx_word' id='word_1_202' title='bbox 1559 3288 1633 3341; x_wconf 86' lang='lat' dir='ltr'><strong>te</strong></span> <span class='ocrx_word' id='word_1_203' title='bbox 1684 3267 2228 3363; x_wconf 71' lang='lat' dir='ltr'><strong>pronuntiatura</strong></span> <span class='ocrx_word' id='word_1_204' title='bbox 2275 3280 2400 3339; x_wconf 86' lang='lat' dir='ltr'><strong>est.</strong></span> <span class='ocrx_word' id='word_1_205' title='bbox 2461 3262 2569 3333; x_wconf 80' lang='lat' dir='ltr'><strong>Ita</strong></span> 
     </span>
     <span class='ocr_line' id='line_1_28' title="bbox 652 3374 2564 3479; baseline -0.001 -34"><span class='ocrx_word' id='word_1_206' title='bbox 652 3374 851 3479; x_wconf 63' lang='lat' dir='ltr'><strong>dico:</strong></span> <span class='ocrx_word' id='word_1_207' title='bbox 891 3374 1442 3469; x_wconf 80' lang='lat' dir='ltr'><strong>disputationes,</strong></span> <span class='ocrx_word' id='word_1_208' title='bbox 1483 3398 1557 3451; x_wconf 87' lang='lat' dir='ltr'><strong>et</strong></span> <span class='ocrx_word' id='word_1_209' title='bbox 1596 3378 1867 3449; x_wconf 80' lang='lat' dir='ltr'><strong>literata</strong></span> <span class='ocrx_word' id='word_1_210' title='bbox 1900 3376 2323 3469; x_wconf 83' lang='lat' dir='ltr'><strong>conloquia,</strong></span> <span class='ocrx_word' id='word_1_211' title='bbox 2363 3387 2438 3445; x_wconf 82' lang='lat' dir='ltr'><strong>et</strong></span> <span class='ocrx_word' id='word_1_212' title='bbox 2471 3396 2564 3443; x_wconf 83' lang='lat' dir='ltr'><strong>ex</strong></span> 
     </span>
    </p>

    <p class='ocr_par' dir='ltr' id='par_1_9' title="bbox 645 3480 2594 3911">
     <span class='ocr_line' id='line_1_29' title="bbox 650 3480 2568 3579; baseline -0.003 -24"><span class='ocrx_word' id='word_1_213' title='bbox 650 3486 1039 3579; x_wconf 80' lang='lat' dir='ltr'><strong>praeceptis</strong></span> <span class='ocrx_word' id='word_1_214' title='bbox 1085 3485 1510 3576; x_wconf 83' lang='lat' dir='ltr'><strong>sapientium</strong></span> <span class='ocrx_word' id='word_1_215' title='bbox 1547 3484 1761 3559; x_wconf 81' lang='lat' dir='ltr'><strong>verba</strong></span> <span class='ocrx_word' id='word_1_216' title='bbox 1795 3484 2162 3569; x_wconf 77' lang='lat' dir='ltr'><strong>conlecta,</strong></span> <span class='ocrx_word' id='word_1_217' title='bbox 2212 3497 2284 3553; x_wconf 89' lang='lat' dir='ltr'><strong>et</strong></span> <span class='ocrx_word' id='word_1_218' title='bbox 2319 3480 2568 3551; x_wconf 88' lang='lat' dir='ltr'><strong>erudi-</strong></span> 
     </span>
     <span class='ocr_line' id='line_1_30' title="bbox 645 3591 2567 3687; baseline 0.001 -28"><span class='ocrx_word' id='word_1_219' title='bbox 645 3606 765 3687; x_wconf 77' lang='lat' dir='ltr'><strong>tus</strong></span> <span class='ocrx_word' id='word_1_220' title='bbox 807 3618 1085 3681; x_wconf 82' lang='lat' dir='ltr'><strong>sermo,</strong></span> <span class='ocrx_word' id='word_1_221' title='bbox 1134 3618 1283 3667; x_wconf 90' lang='lat' dir='ltr'><strong>non</strong></span> <span class='ocrx_word' id='word_1_222' title='bbox 1325 3592 1720 3665; x_wconf 85' lang='lat' dir='ltr'><strong>ostendunt</strong></span> <span class='ocrx_word' id='word_1_223' title='bbox 1770 3616 2024 3667; x_wconf 78' lang='lat' dir='ltr'><strong>verum</strong></span> <span class='ocrx_word' id='word_1_224' title='bbox 2048 3591 2273 3665; x_wconf 79' lang='lat' dir='ltr'><strong>robur</strong></span> <span class='ocrx_word' id='word_1_225' title='bbox 2305 3591 2567 3663; x_wconf 79' lang='lat' dir='ltr'><strong>animi:</strong></span> 
     </span>
     <span class='ocr_line' id='line_1_31' title="bbox 656 3697 2594 3806; baseline 0.002 -39"><span class='ocrx_word' id='word_1_226' title='bbox 656 3717 759 3803; x_wconf 83' lang='lat' dir='ltr'><strong>est</strong></span> <span class='ocrx_word' id='word_1_227' title='bbox 804 3703 997 3773; x_wconf 87' lang='lat' dir='ltr'><strong>enim</strong></span> <span class='ocrx_word' id='word_1_228' title='bbox 1038 3704 1263 3777; x_wconf 81' lang='lat' dir='ltr'><strong>oratio</strong></span> <span class='ocrx_word' id='word_1_229' title='bbox 1308 3705 1520 3777; x_wconf 80' lang='lat' dir='ltr'><strong>etiam</strong></span> <span class='ocrx_word' id='word_1_230' title='bbox 1559 3702 2015 3775; x_wconf 77' lang='lat' dir='ltr'><strong>timidissimis</strong></span> <span class='ocrx_word' id='word_1_231' title='bbox 2045 3697 2300 3775; x_wconf 79' lang='lat' dir='ltr'><strong>audax.</strong></span> <span class='ocrx_word' id='word_1_232' title='bbox 2357 3698 2594 3806; x_wconf 56' lang='lat' dir='ltr'><strong>Quid,</strong></span> 
     </span>
     <span class='ocr_line' id='line_1_32' title="bbox 652 3805 2572 3911; baseline 0.001 -31"><span class='ocrx_word' id='word_1_233' title='bbox 652 3807 903 3909; x_wconf 78' lang='lat' dir='ltr'><strong>egetis,</strong></span> <span class='ocrx_word' id='word_1_234' title='bbox 946 3805 1122 3887; x_wconf 77' lang='lat' dir='ltr'><strong>tuuc</strong></span> <span class='ocrx_word' id='word_1_235' title='bbox 1152 3812 1556 3910; x_wconf 74' lang='lat' dir='ltr'><strong>adparebit,</strong></span> <span class='ocrx_word' id='word_1_236' title='bbox 1599 3837 1836 3911; x_wconf 88' lang='lat' dir='ltr'><strong>quum</strong></span> <span class='ocrx_word' id='word_1_237' title='bbox 1875 3813 2188 3887; x_wconf 83' lang='lat' dir='ltr'><strong>animam</strong></span> <span class='ocrx_word' id='word_1_238' title='bbox 2221 3834 2395 3909; x_wconf 84' lang='lat' dir='ltr'><strong>ages.</strong></span> <span class='ocrx_word' id='word_1_239' title='bbox 2425 3809 2572 3881; x_wconf 89' lang='lat' dir='ltr'><strong>Ac·-</strong></span> 
     </span>
    </p>
   </div>
  </div>
 </body>
</html>
