2809 4850
677 401 816 472 ¹24
1032 374 1112 449 1..
1158 369 1637 447 ΑΝΝΑΕΙ
1695 365 2248 442 SENECA-E

668 540 767 610 ad
791 539 1011 614 alium
1034 536 1387 612 mnsferri
1406 534 1739 630 protinus
1757 531 2036 627 possint
2052 530 2086 600 Ξ>
2118 529 2294 602 Non
2317 523 2620 602 faciunt

672 653 1045 723 meliorem
1072 649 1348 744 equum
1372 647 1567 718 aurei
1591 646 1792 718 freni.
1831 642 2060 716 Aliter
2081 643 2198 714 leo
2221 656 2468 713 aurata
2496 639 2621 710 iu-

672 763 762 847 ba
793 762 1140 847 mittitur,
1177 758 1358 829 dum
1400 768 1924 844 contractatur,
1957 771 2031 826 et
2055 754 2148 826 ad
2173 751 2617 847 patientiam

670 873 1064 968 recipiendi
1090 887 1508 943 ornamenta
1546 872 1826 967 cogitur
1857 867 2185 966 fatigatus
2202 893 2224 944 ς
2257 865 2464 938 aliter
2493 864 2620 934 in-

674 984 907 1053 cultus
928 1031 949 1068 ,
977 980 1233 1078 integri
1268 979 1568 1075 spiritus.
1605 981 1748 1050 Hic
1777 978 2044 1050 scilicet
2071 979 2357 1069 impetu
2394 996 2611 1059 acer,

669 1097 965 1188 qualem
1012 1095 1219 1167 illum
1270 1114 1520 1166 natura
1569 1116 1713 1166 esse
1741 1093 1997 1166 ·voluit
2018 1143 2041 1179 ,
2097 1091 2452 1185 speciosus
2509 1111 2616 1158 ex

672 1208 1006 1296 horride,
1036 1210 1235 1280 cuius
1271 1209 1386 1279 hic
1412 1207 1633 1279 decor
1659 1223 1802 1296 est,
1829 1231 1985 1279 non
2011 1208 2160 1278 sine
2183 1204 2448 1277 timore
2471 1199 2616 1270 ad·-

670 1323 845 1418 spici
863 1374 886 1410 ‚
922 1321 1315 1448 praefertur
1328 1322 1443 1392 illi
1467 1321 1812 1419 languido
1839 1338 1912 1392 et
1937 1321 2318 1392 bracteato.
2351 1317 2616 1390 Nemo

674 1433 953 1532 gloriari
998 1432 1129 1503 nisi
1168 1456 1298 1503 suo
1347 1431 1587 1503 debet.
1627 1433 1876 1505 Vitem
1904 1431 2312 1517 laudarum,
2351 1413 2410 1498 si
2449 1425 2617 1496 frn-

673 1561 799 1618 ctu
838 1543 1164 1637 palmites
1198 1560 1490 1630 onerat,
1537 1545 1590 1615 si
1643 1545 1790 1638 ipsa
1815 1547 1908 1619 ad
1934 1564 2189 1618 terram
2213 1595 2240 1634 ,
2271 1540 2618 1638 pondere

678 1675 930 1726 eorum
959 1677 1145 1746 quae
1170 1655 1336 1727 tulit
1357 1707 1380 1744 ,
1410 1655 1844 1727 adminicula
1878 1654 2190 1727 deducit.
2227 1654 2412 1726 Nam
2442 1651 2617 1748 quis

676 1763 849 1836 huic
873 1764 1069 1835 illam
1094 1763 1444 1859 praeferet
1467 1763 1690 1836 vitem
1709 1817 1732 1852 ‚
1762 1765 1875 1836 cui
1907 1790 2158 1837 aureae
2196 1789 2379 1837 uvae
2399 1815 2422 1851 ‚
2471 1787 2612 1833 au·-

678 1897 795 1942 rea
823 1873 988 1943 folia
1008 1871 1476 1968 dependent?
1507 1873 1799 1968 Propria
1825 1873 2045 1946 virtus
2065 1890 2171 1945 est
2199 1874 2274 1943 in
2299 1869 2448 1944 vite
2465 1870 2616 1942 fer-

681 1985 892 2056 tilitas
913 2014 931 2056 :
962 1987 1038 2056 in
1055 1988 1353 2072 homine
1370 2009 1670 2080 quoque
1691 1985 1766 2056 id
1790 1970 2233 2058 laudandum
2251 2000 2377 2073 est,
2397 1983 2613 2079 quod

680 2097 899 2191 ipsius
930 2115 1053 2170 est.
1084 2099 1460 2172 'Familiam
1491 2100 1873 2171 formosam
1902 2099 2155 2188 habet,
2177 2097 2270 2171 'et
2295 2089 2615 2172 domnm

681 2209 1097 2302 pulchrarm
1135 2211 1457 2281 multum
1489 2209 1653 2279 serit
1677 2259 1699 2295 ,
1732 2211 2054 2279 multum
2081 2205 2391 2280 fenerat:
2426 2205 2618 2277 nihil

682 2320 949 2391 horum
988 2321 1063 2390 in
1101 2319 1255 2413 ipso
1279 2337 1420 2410 est,
1449 2319 1572 2392 sed
1599 2319 1781 2392 circa
1804 2320 2063 2414 ipsum.
2110 2317 2356 2392 Lauda
2379 2317 2457 2388 in
2481 2317 2617 2388 illo

683 2432 893 2526 quod
930 2454 1072 2504 nec.
1092 2432 1266 2527 eripi
1293 2449 1569 2529 potest,
1602 2457 1736 2505 nec
1763 2429 1953 2519 dari3
2001 2432 2216 2529 quod.
2233 2432 2620 2537 proprium

678 2543 991 2615 hominis
1014 2560 1134 2615 est.
1168 2538 1505 2650 Quaeris,
1544 2539 1727 2637 quid
1764 2542 1853 2613 sit
1873 2542 1908 2613 Ρ
1931 2540 2280 2631 Animus„
2321 2561 2393 2615 et
2426 2542 2614 2614 ratio

683 2658 761 2726 in
781 2651 1023 2726 animo
1053 2654 1410 2750 perfecta!
1448 2656 1818 2727 Rationale
1847 2654 2044 2726 enim
2073 2654 2334 2729 animal
2355 2672 2459 2725 est
2482 2654 2620 2725 ho·-

684 2792 846 2840 mo:
892 2772 1429 2839 consummat‘ur
1466 2767 1714 2863 itaque
1741 2767 2023 2838 bonurn
2055 2766 2237 2857 eius,
2277 2770 2331 2837 si
2365 2761 2492 2837 i‘d
2475 2792 2618 2839 lm-

674 2879 945 2975 plevit,
980 2878 1097 2950 cui
1119 2878 1443 2950 nascitur.
1479 2879 1689 2985 Quid
1715 2898 1816 2950 est
1836 2870 2081 2953 autem
2105 2931 2131 2970 ‚
2169 2878 2376 2975 quod
2403 2875 2497 2950 ab
2525 2880 2618 2949 il-

684 2992 762 3063 lo
788 2991 965 3061 ratio
989 2990 1156 3103 haec
1193 2992 1461 3089 exigit?
1493 2992 1674 3062 Rem
1707 2990 2156 3063 facillimam.
2208 2992 2616 3063 secundum

686 3092 1015 3175 naturam
1048 3098 1263 3175 snam
1311 3103 1588 3174 vivere!
1638 3102 1762 3173 sed
1811 3104 1996 3176 hanc
2044 3103 2402 3175 difficilem
2445 3102 2622 3175 facit

680 3214 1095 3287 ’communis
1137 3214 1441 3301 insania:
1493 3214 1570 3283 in
1609 3213 1778 3284 vitia
1818 3196 2009 3285 alter
2030 3214 2335 3289 alterum
2379 3214 2617 3315 {rudi-

689 3328 883 3399 mus!
928 3325 1310 3418 quomodo
1351 3340 1594 3396 autem
1637 3324 1951 3419 revocari
1984 3323 2075 3395 ad
2111 3329 2416 3395 salutem
2446 3350 2614 3419 pos-

689 3452 881 3524 sunt,
906 3460 1091 3529 quos
1116 3459 1338 3507 nemo
1362 3432 1621 3505 retinet
1640 3484 1662 3524 ,
1695 3437 2012 3531 populus
2030 3435 2366 3531 inpellit?
2410 3434 2617 3541 Vale.

1141 3603 1800 3678 EPISTOLA
1875 3608 2156 3681 XLII.

696 3736 814 3788 Non
834 3736 939 3789 cito
958 3724 1259 3791 eredenduni
1275 3738 1339 3792 de'
1354 3736 1472 3792 viro
1488 3738 1626 3791 bono
1642 3755 1657 3791 t
1675 3756 1782 3792 rem
1800 3756 2024 3811 magnam
2045 3756 2179 3795 esse.
2201 3736 2462 3807 Quosdam
2476 3757 2622 3809 prae·

826 3822 991 3897 ferre,
1008 3838 1108 3881 aut
1122 3826 1385 3888 simula-ez
1409 3826 1576 3890 maleo
1596 3827 1825 3892 futuros,
1849 3818 1894 3881 si
1910 3829 1988 3883 sit
2001 3829 2223 3901 occasio.
2253 3828 2618 3901 Exenpban-

2779 488 2781 600 l
