2809 4850
516 368 711 456 ,ΕΡ
758 369 795 440 1
840 367 889 442 s
939 369 1013 444 τ.
1058 370 1132 442 0
1182 370 1245 442 1.
1289 368 1360 442 A·
1436 369 1756 448 xle.
1939 397 2100 472 ,ιη

190 545 431 632 'quum
462 558 681 623 eum,
716 555 943 629 quem
980 532 1422 628 interrogatis
1441 583 1466 620 ,
1505 532 1798 607 scientes
1819 533 1895 606 in
1921 531 2108 608 frau-

192 648 363 720 dem
398 647 775 732 inducitis,
803 637 1023 739 quam
1056 663 1139 718 ut
1175 644 1486 720 formula
1515 644 1839 720 cecidisse
1865 645 2110 720 videa-

189 763 359 848 tur?
399 759 549 834 Sed
596 757 1219 854 quemadmodum
1265 759 1424 832 illos
1462 759 1786 846 Praetor,
1838 760 1934 832 sic
1979 761 2110 834 hos

191 863 653 965 Philosophia
676 872 753 942 in
777 872 1140 970 integrum
1165 870 1494 944 restituit.
1525 871 1728 977 Quid
1756 870 2116 946 disceditis

191 986 288 1058 ab
310 984 725 1082 ingentibus
741 984 1095 1078 promissis
1112 1035 1137 1072 ,
1166 1001 1271 1072 et,
1300 983 1590 1081 grandia
1607 985 1938 1080 loquuti,
1963 987 2112 1083 effe·-

195 1118 414 1170 cturos
452 1123 605 1174 vos.
654 1115 733 1169 ut
762 1123 887 1170 non
912 1101 1129 1192 magis
1158 1097 1590 1196 aurifulgor.
1625 1124 1820 1194 quam
1855 1101 2110 1193 gladii.

180 1215 595 1314 perstringat
640 1213 853 1284 oculos
892 1237 1061 1283 meos
1076 1237 1105 1284 ς
1158 1231 1239 1282 ut
1282 1215 1536 1305 ingenti
1589 1216 1958 1284 constantia
1971 1264 1996 1288 .
2045 1230 2122 1284 et

191 1321 364 1418 quod
380 1346 595 1394 omnes
610 1337 875 1420 optant.
906 1339 971 1392 et
989 1323 1162 1418 'quod
1178 1347 1391 1397 omnes
1415 1326 1681 1399 timent.
1707 1325 1946 1396 calcem
1961 1377 1984 1400 .
2011 1325 2110 1396 ad

195 1432 845 1506 Grammaticorum
872 1435 1226 1504 elementa
1251 1433 1672 1506 descenditis
1691 1435 1725 1504 Ρ
1761 1435 1968 1542 Quid
1997 1435 2112 1506 di-

194 1543 394 1615 citis?
416 1541 535 1614 Sic
557 1544 703 1614 itur
722 1543 815 1616 ad
835 1545 1057 1618 astra?
1088 1585 1159 1600 —
1194 1547 1357 1618 Hoc
1380 1563 1481 1618 est
1506 1548 1704 1618 enim
1719 1546 1926 1642 quod
1953 1546 2116 1620 Phi·

193 1657 519 1752 losophia
542 1657 721 1729 mihi
751 1653 1117 1752 promittit
1134 1708 1159 1749 ,
1188 1677 1275 1734 ut
1296 1683 1542 1756 parem
1562 1661 1724 1732 Deo
1749 1660 1988 1748 faciat3
2017 1660 2111 1732 ad

196 1771 339 1844 hoc
360 1772 699 1845 invitatus
726 1799 885 1846 sum
902 1825 927 1862 ,
946 1774 1041 1845 ad
1066 1775 1207 1847 hoc
1230 1776 1439 1846 veni:
1475 1774 1694 1844 fidem
1728 1775 2032 1868 praesta!

290 1887 679 1992 Quantum
718 1903 926 1982 potes
965 1913 1133 1988 ergo
1152 1939 1180 1978 ,
1213 1889 1319 1959 mi
1340 1887 1610 1976 Lucili,
1637 1887 1858 1960 reduc
1907 1905 1980 1959 te
2018 1887 2115 1958 ab

192 1997 339 2068 istis
378 1999 922 2091 exceptionibus
962 2018 1035 2073 et
1084 2001 1752 2095 praescriptionibus
1795 2001 2117 2094 philoso-

194 2110 529 2204 phorum.
580 2110 844 2206 Aperta
882 2112 1141 2184 decent
1182 2129 1257 2184 et
1288 2112 1632 2207 simplicia
1680 2113 2106 2189 bonitatem.

195 2222 479 2296 Etiamsi
513 2227 829 2296 multum
861 2241 1247 2317 superesset
1272 2224 1552 2310 aetatis,
1584 2245 1792 2316 parce
1822 2223 2109 2320 dispen-

195 2332 496 2406 sandum
536 2350 722 2426 erat,
759 2351 845 2407 ut
870 2337 1213 2406 sufficeret
1248 2333 1672 2406 necessariis:
1702 2358 1901 2407 nunc
1928 2361 2112 2431 quae

197 2450 566 2521 dementia
592 2467 728 2538 est,
748 2472 1179 2545 supervacua
1203 2448 1462 2523 discere
1491 2449 1572 2521 in
1604 2464 1798 2523 tanta
1829 2465 2113 2545 tempo-

196 2562 289 2637 ris
320 2557 623 2663 egestate
640 2564 675 2636 ἱ)
712 2559 913 2637 Vale.
970 2554 981 2564 ’
2049 2558 2056 2565 ’

626 2696 1283 2817 EPISTOLA
1351 2742 1675 2817 xux,

204 2872 559 2945 Pompeiorum
576 2872 843 2944 adspectu,
860 2876 1149 2929 memoriam
1170 2876 1271 2930 sibi
1287 2876 1476 2929 Lucilii
1496 2888 1810 2931 renovatam.
1841 2876 1924 2931 De
1939 2872 2116 2929 brevi-

326 2972 435 3013 tate
452 2972 507 3011 et
525 2974 677 3027 cursu
694 2958 992 3027 Temporis:
1011 2960 1143 3011 nihil
1161 2961 1371 3030 longum
1389 2970 1658 3032 metus
1677 2959 1732 3011 in
1751 2976 1815 3013 eo
1835 2974 1966 3013 esse.
1986 2958 2118 3009 Ohia

323 3052 407 3095 ter
424 3053 599 3095 contra
613 3038 948 3097 Dialecticos:
969 3054 1023 3094 et
1033 3054 1200 3093 totum
1219 3040 1269 3093 id
1278 3035 1876 3113 genutprospiciendum
1891 3050 2120 3113 tantun.-

582 3172 925 3245 SENEGA
972 3174 1227 3247 Lucilio
1257 3198 1371 3245 suo
1416 3172 1734 3245 Salutem.

2127 3110 2140 3143 ί

204 3270 410 3406 Es'r
445 3334 788 3428 quidem,
833 3336 932 3405 mi
968 3336 1241 3424 Lucili,
1292 3334 1587 3430 supinus
1617 3350 1690 3405 et
1715 3333 2114 3431 negligens,

208 3444 334 3536 qui
367 3446 440 3517 in
467 3448 675 3519 amici
709 3448 1125 3518 memoriam
1152 3447 1243 3517 ab
1271 3448 1507 3540 aliqua
1537 3446 1827 3541 regione
1869 3442 2119 3514 admo-

204 3554 395 3627 nitus
431 3556 828 3629 reducitur:
869 3575 1114 3629 tamen
1158 3557 1546 3651 repositum
1591 3553 1668 3624 in
1702 3554 1943 3624 animo
1977 3576 2116 3623 no-

204 3682 343 3737 stro
364 3666 795 3739 desiderium
824 3666 1359 3742 locainterdum
1388 3664 1748 3736 familiaria
1777 3680 2079 3735 evocant
2088 3687 2111 3750 ;

208 3774 337 3851 ricc
380 3780 803 3856 exstinctam
848 3780 1271 3855 memoriam
1298 3776 1664 3866 reddunt,
1708 3772 1836 3845 sed
1879 3770 2115 3869 quies-
