2809 4850
640 398 822 478 ,ιω
990 372 1129 459 ,L.
1180 369 1636 444 ΑΝΝΑΕι
1685 369 2216 446 SENECAE

670 538 949 640 gotium
975 561 1128 635 ago.
1168 535 1450 610 Habere
1473 535 1782 607 amicum
1811 537 2016 622 volo;
2057 537 2260 632 quod
2295 540 2604 614 contin-⁵

669 674 834 748 gere
860 648 1064 736 mihi,
1088 649 1219 718 nisi
1243 671 1486 770 pergas
1515 663 1595 718 ut
1623 647 1918 740 coepisti
1946 652 2270 722 excolere
2302 668 2401 738 te,
2430 675 2602 724 non

669 771 953 853 potest.
999 779 1197 828 nunc
1222 757 1416 826 enim
1453 780 1640 826 amas
1673 779 1830 842 me3
1880 757 2145 830 amicus
2178 782 2334 844 non
2372 783 2464 830 es.
2505 799 2587 813 -—

670 868 878 978 Quid
902 867 1114 964 ergo?
1154 865 1371 938 haec
1352 881 1538 937 mter
1576 890 1648 936 se
1682 865 1950 938 diversa
1973 867 2290 940 sunt?
2345 868 2601 942 Immo
2707 933 2716 942 .

669 977 1023 1052 dissimilia
1049 978 1065 1049 !
1090 977 1242 1082 Qui
1274 975 1544 1048 amicus
1565 991 1705 1064 est,
1735 991 1925 1048 amat
1942 1001 1964 1062 ;
2001 977 2134 1070 qui
2156 991 2346 1048 amat
2367 1027 2391 1064 ,
2429 1001 2597 1048 non

668 1087 926 1180 utique
968 1085 1232 1157 amicus
1267 1101 1388 1156 est.
1433 1084 1686 1178 Itaque
1716 1084 2017 1157 amicitia
2035 1109 2339 1181 ‘semper
2363 1086 2597 1179 prod-

560 1276 569 1284 ,
670 1213 815 1282 σας
854 1219 1056 1268 amor
1091 1194 1478 1288 aliquando
1506 1194 1721 1267 etiam
1753 1211 1987 1266 nocet.
2025 1194 2099 1268 si
2137 1197 2313 1268 nihil
2342 1197 2596 1286 aliud,

672 1305 771 1378 ob
818 1307 957 1377 hoc
990 1305 1306 1398 profice,
1360 1320 1446 1376 ut
1493 1329 1724 1376 amare
1764 1304 1996 1378 discas.
2051 1304 2328 1378 Festina
2377 1332 2592 1405 ergo,

670 1414 853 1488 dum
886 1413 1063 1487 mihi
1096 1415 1416 1508 proficis3
1461 1436 1554 1484 ne
1579 1414 1768 1488 istud
1795 1413 1994 1486 alteri
2039 1415 2379 1488 didiceris.
2429 1418 2592 1516 Ego

670 1527 970 1620 quidem
993 1524 1313 1620 percipio
1338 1527 1476 1602 iam
1501 1524 1816 1597 fructum
1839 1576 1868 1617 ‚
1898 1550 2128 1620 quum
2154 1529 2332 1598 mihi
2359 1529 2593 1626 finge,

668 1654 825 1704 uno
847 1654 980 1704 nos
999 1632 1243 1703 animo
1269 1628 1550 1702 futuros
1567 1682 1589 1716 ,
1615 1647 1719 1717 et,
1741 1633 2124 1726 ‘quidquid
2146 1636 2361 1706 aetati
2384 1661 2592 1710 meae

648 1745 927 1840 ‘vigoris
972 1741 1329 1827 abscessit,
1358 1739 1452 1812 'id
1487 1739 1583 1810 ad
1625 1765 1746 1812 me
1786 1766 1879 1812 ex
1909 1758 2075 1831 tua,
2136 1768 2591 1840 quamquam

668 1875 821 1922 non
844 1852 1161 1922 multum
1180 1849 1397 1936 abest,
1423 1845 1822 1918 rediturum
1843 1873 1864 1936 3
1891 1847 2014 1919 sed
2036 1866 2279 1922 tamen
2301 1875 2379 1924 re
2401 1877 2593 1948 quo-

670 1986 819 2054 que
837 1961 983 2054 ipsa
1004 1983 1149 2030 esse·
1168 1961 1388 2030 laetus
1408 1960 1598 2030 volo.
1625 1958 1850 2030 Venit
1874 1959 1964 2029 ad
1989 1981 2118 2030 nos
2142 1983 2231 2062 ezr
2251 1962 2379 2049 his,
2397 1951 2590 2056 quos

667 2097 1028 2157 amamus,
1071 2072 1285 2144 etiam
1308 2070 1719 2148 absentibus
1741 2123 1768 2160 ,
1801 2071 2176 2168 gaudium3
2216 2073 2342 2145 sed
2379 2075 2458 2144 id
2481 2065 2593 2146 le-

665 2205 759 2254 ve
803 2197 876 2251 et
913 2180 1319 2250 evanidam.
1372 2180 1814 2273 Conspectus
1835 2231 1860 2267 ,
1916 2197 1990 2252 et
2031 2183 2458 2274 praesentia,
2509 2198 2590 2256 et

668 2287 1107 2361 conversatio
1130 2286 1406 2381 aliquid
1425 2287 1642 2362 habet
1661 2289 1860 2361 vivae
1882 2289 2295 2381 voluptatis;
2325 2291 2590 2385 utique

666 2397 725 2469 si
749 2419 898 2468 non
922 2412 1203 2469 tantum
1222 2448 1246 2485 ,
1288 2421 1513 2491 quem
1539 2398 1710 2470 velis
1727 2449 1750 2485 ,
1781 2397 1904 2469 sed
1931 2400 2220 2493 qualem
2246 2401 2455 2490 velis,
2483 2399 2590 2473 vi·

669 2506 849 2579 deas.
879 2505 1100 2578 Adfer
1119 2510 1361 2601 itaque
1382 2526 1454 2579 te
1475 2510 1680 2598 mihi,
1709 2509 1954 2607 ingens
1975 2512 2270 2583 munus!
2300 2528 2405 2602 et,
2429 2537 2589 2606 quo

665 2620 883 2716 magis
911 2619 1159 2705 instes,
1185 2620 1416 2715 cogita
1445 2637 1514 2692 te
1545 2622 1916 2692 mortalem
1943 2646 2083 2691 esse
2107 2672 2131 2708 ,
2169 2646 2288 2693 me
2313 2646 2585 2696 senem.

666 2728 974 2823 Propera
1012 2726 1105 2799 ad
1138 2752 1295 2814 me3
1332 2730 1456 2801 sed
1488 2730 1578 2801 ad
1607 2746 1679 2801 te
1708 2730 1927 2825 prius!
1962 2730 2276 2820 Profice,
2307 2748 2380 2803 et
2416 2753 2589 2805 ante

668 2834 909 2905 omnia
938 2838 1077 2907 hoc
1104 2859 1309 2924 cura,
1338 2853 1421 2907 ut
1445 2853 1716 2909 constes
1739 2838 1892 2908 tibi.
1929 2838 2283 2943 Quotiens
2307 2843 2590 2935 experi-

665 2946 727 3019 ri
750 2946 1102 3034 voles,··an
1138 2945 1412 3041 aliquid
1435 2961 1677 3019 actum
1703 2946 1792 3017 sit
1809 2998 1834 3034 ,
1865 2947 2160 3021 observa
2196 2976 2289 3023 an
2329 2952 2585 3025 eadem

664 3056 887 3128 hodie
913 3056 1117 3148 velis,
1149 3081 1333 3150 quae
1361 3056 1531 3127 heri.
1573 3055 1880 3128 Mutatio
1908 3060 2296 3132 voluntatis
2315 3062 2588 3138 indicat

663 3169 987 3240 animum
1040 3186 1289 3240 nutare
1314 3219 1337 3254 ,
1392 3166 1612 3237 aliubi
1666 3185 1888 3261 atque
1932 3171 2154 3242 aliubi
2200 3173 2584 3268 adparere,

662 3294 885 3370 prout
910 3278 1080 3347 tulit
1104 3293 1375 3348 ventus.
1408 3276 1579 3347 Non
1605 3293 1892 3374 vagatur
1914 3328 1937 3366 ,
1978 3282 2186 3374 quod
2217 3282 2448 3356 fixum
2471 3302 2586 3357 at-

664 3407 812 3481 que
834 3383 1218 3456 fundatum
1246 3383 1599 3455 est-Istud
1619 3387 1916 3479 sapienti
1951 3390 2270 3483 perfecto
2297 3396 2584 3470 ,contin-

660 3494 765 3590 git
782 3544 805 3582 ,
847 3493 1291 3588 aliquatenus
1342 3510 1416 3563 et
1471 3486 1872 3589 proficienti
1923 3516 2442 3596 provectuque.
2496 3542 2570 3558 -

660 3601 871 3707 Quid
898 3627 1065 3701 ergo
1091 3602 1428 3675 interest?
1457 3642 1529 3655 -
1565 3602 1704 3675 Hie
1727 3624 2231 3679 commovetur
2249 3612 2580 3703 quidem,

661 3730 819 3779 non
858 3727 1103 3783 tamen
1144 3712 1429 3801 transit,
1479 3713 1606 3784 sed
1649 3740 1783 3790 suo
1821 3716 1988 3794 loco
2030 3734 2283 3807 nutat3
2335 3720 2458 3799 ine
2482 3748 2584 3801 ne

662 3836 1165 3895 commovetur
1181 3822 1504 3919 quidem.
1525 3820 1728 3899 Vale.
