<?xml version="1.0" encoding="UTF-8"?>
<!DOCTYPE html PUBLIC "-//W3C//DTD XHTML 1.0 Transitional//EN"
    "http://www.w3.org/TR/xhtml1/DTD/xhtml1-transitional.dtd">
<html xmlns="http://www.w3.org/1999/xhtml" xml:lang="en" lang="en">
 <head>
  <title>
</title>
<meta http-equiv="Content-Type" content="text/html;charset=utf-8" />
  <meta name='ocr-system' content='tesseract 3.04.00' />
  <meta name='ocr-capabilities' content='ocr_page ocr_carea ocr_par ocr_line ocrx_word'/>
</head>
<body>
  <div class='ocr_page' id='page_1' title='image "./lannaeisenecaea01bipogoog_0302.png"; bbox 0 0 2809 4850; ppageno 0'>
   <div class='ocr_carea' id='block_1_1' title="bbox 668 343 2195 454">
    <p class='ocr_par' dir='ltr' id='par_1_1' title="bbox 668 343 2195 454">
     <span class='ocr_line' id='line_1_1' title="bbox 668 343 2195 454; baseline -0.009 -22"><span class='ocrx_word' id='word_1_1' title='bbox 668 378 807 454; x_wconf 63' lang='grc' dir='ltr'><strong>ιρι</strong></span> <span class='ocrx_word' id='word_1_2' title='bbox 1048 349 1127 424; x_wconf 81' lang='lat' dir='ltr'>L</span> <span class='ocrx_word' id='word_1_3' title='bbox 1174 346 1616 424; x_wconf 79' lang='lat' dir='ltr'><strong>ANNAEI</strong></span> <span class='ocrx_word' id='word_1_4' title='bbox 1652 343 2195 422; x_wconf 74' lang='lat' dir='ltr'><strong>SENECAE</strong></span> 
     </span>
    </p>
   </div>
   <div class='ocr_carea' id='block_1_2' title="bbox 572 505 2643 3891">
    <p class='ocr_par' dir='ltr' id='par_1_2' title="bbox 572 505 2643 3891">
     <span class='ocr_line' id='line_1_2' title="bbox 664 505 2588 613; baseline -0.002 -31"><span class='ocrx_word' id='word_1_5' title='bbox 664 533 880 606; x_wconf 86' lang='lat' dir='ltr'><strong>quor,</strong></span> <span class='ocrx_word' id='word_1_6' title='bbox 904 533 1087 606; x_wconf 84' lang='lat' dir='ltr'><strong>quos</strong></span> <span class='ocrx_word' id='word_1_7' title='bbox 1110 510 1482 584; x_wconf 80' lang='lat' dir='ltr'><strong>illustravit</strong></span> <span class='ocrx_word' id='word_1_8' title='bbox 1503 508 1791 584; x_wconf 85' lang='lat' dir='ltr'><strong>fortuna</strong></span> <span class='ocrx_word' id='word_1_9' title='bbox 1811 559 1836 596; x_wconf 91' lang='lat'><strong>,</strong></span> <span class='ocrx_word' id='word_1_10' title='bbox 1865 507 2046 582; x_wconf 86' lang='lat' dir='ltr'><strong>dum</strong></span> <span class='ocrx_word' id='word_1_11' title='bbox 2067 520 2296 579; x_wconf 81' lang='lat' dir='ltr'><strong>vexat.</strong></span> <span class='ocrx_word' id='word_1_12' title='bbox 2329 505 2588 613; x_wconf 78' lang='lat' dir='ltr'><strong>Quam</strong></span> 
     </span>
     <span class='ocr_line' id='line_1_3' title="bbox 663 619 2602 717; baseline -0.004 -21"><span class='ocrx_word' id='word_1_13' title='bbox 663 625 1057 696; x_wconf 83' lang='lat' dir='ltr'><strong>multorum</strong></span> <span class='ocrx_word' id='word_1_14' title='bbox 1072 623 1432 717; x_wconf 86' lang='lat' dir='ltr'><strong>profectus</strong></span> <span class='ocrx_word' id='word_1_15' title='bbox 1449 621 1524 692; x_wconf 87' lang='lat' dir='ltr'><strong>in</strong></span> <span class='ocrx_word' id='word_1_16' title='bbox 1538 621 1872 694; x_wconf 80' lang='lat' dir='ltr'><strong>notitiam</strong></span> <span class='ocrx_word' id='word_1_17' title='bbox 1889 643 2162 692; x_wconf 86' lang='lat' dir='ltr'><strong>evasere</strong></span> <span class='ocrx_word' id='word_1_18' title='bbox 2177 633 2336 714; x_wconf 89' lang='lat' dir='ltr'><strong>post</strong></span> <span class='ocrx_word' id='word_1_19' title='bbox 2345 619 2546 712; x_wconf 73' lang='lat' dir='ltr'><strong>ipsos</strong></span> <span class='ocrx_word' id='word_1_20' title='bbox 2559 621 2602 689; x_wconf 75' lang='grc' dir='ltr'>Ρ</span> 
     </span>
     <span class='ocr_line' id='line_1_4' title="bbox 662 728 2584 825; baseline -0.002 -23"><span class='ocrx_word' id='word_1_21' title='bbox 662 755 883 824; x_wconf 85' lang='lat' dir='ltr'><strong>quarn</strong></span> <span class='ocrx_word' id='word_1_22' title='bbox 922 733 1191 802; x_wconf 83' lang='lat' dir='ltr'><strong>multos</strong></span> <span class='ocrx_word' id='word_1_23' title='bbox 1228 729 1414 819; x_wconf 73' lang='lat' dir='ltr'>fama</span> <span class='ocrx_word' id='word_1_24' title='bbox 1457 751 1610 802; x_wconf 86' lang='lat' dir='ltr'><strong>non</strong></span> <span class='ocrx_word' id='word_1_25' title='bbox 1645 730 1964 825; x_wconf 75' lang='lat' dir='ltr'><strong>excepit,</strong></span> <span class='ocrx_word' id='word_1_26' title='bbox 2011 730 2134 802; x_wconf 87' lang='lat' dir='ltr'><strong>sed</strong></span> <span class='ocrx_word' id='word_1_27' title='bbox 2173 728 2402 800; x_wconf 82' lang='lat' dir='ltr'><strong>eruit?</strong></span> <span class='ocrx_word' id='word_1_28' title='bbox 2440 729 2584 800; x_wconf 85' lang='lat' dir='ltr'><strong>Vi-</strong></span> 
     </span>
     <span class='ocr_line' id='line_1_5' title="bbox 662 842 2584 934; baseline -0.005 -18"><span class='ocrx_word' id='word_1_29' title='bbox 662 845 785 916; x_wconf 84' lang='lat' dir='ltr'><strong>des</strong></span> <span class='ocrx_word' id='word_1_30' title='bbox 799 894 824 931; x_wconf 93' lang='lat'><strong>,</strong></span> <span class='ocrx_word' id='word_1_31' title='bbox 862 842 981 916; x_wconf 71' lang='lat' dir='ltr'><strong>Er</strong></span> <span class='ocrx_word' id='word_1_32' title='bbox 1000 863 1032 912; x_wconf 90' lang='lat'>1</span> <span class='ocrx_word' id='word_1_33' title='bbox 1050 861 1092 912; x_wconf 93' lang='lat' dir='ltr'><strong>c</strong></span> <span class='ocrx_word' id='word_1_34' title='bbox 1110 861 1163 912; x_wconf 85' lang='lat' dir='ltr'>U</span> <span class='ocrx_word' id='word_1_35' title='bbox 1184 862 1235 914; x_wconf 75' lang='lat' dir='ltr'><strong>lt</strong></span> <span class='ocrx_word' id='word_1_36' title='bbox 1254 857 1306 910; x_wconf 81' lang='lat' dir='ltr'><strong>u</strong></span> <span class='ocrx_word' id='word_1_37' title='bbox 1324 861 1389 914; x_wconf 84' lang='lat' dir='ltr'><strong>M</strong></span> <span class='ocrx_word' id='word_1_38' title='bbox 1429 854 1877 934; x_wconf 80' lang='lat' dir='ltr'><strong>quantopere</strong></span> <span class='ocrx_word' id='word_1_39' title='bbox 1919 863 2068 911; x_wconf 88' lang='lat' dir='ltr'><strong>non</strong></span> <span class='ocrx_word' id='word_1_40' title='bbox 2097 855 2382 911; x_wconf 86' lang='lat' dir='ltr'><strong>tantum</strong></span> <span class='ocrx_word' id='word_1_41' title='bbox 2413 862 2584 908; x_wconf 87' lang='lat' dir='ltr'><strong>eru-</strong></span> 
     </span>
     <span class='ocr_line' id='line_1_6' title="bbox 658 945 2584 1044; baseline -0.006 -18"><span class='ocrx_word' id='word_1_42' title='bbox 658 951 949 1026; x_wconf 85' lang='lat' dir='ltr'><strong>ditiores</strong></span> <span class='ocrx_word' id='word_1_43' title='bbox 966 1001 991 1039; x_wconf 99' lang='lat'><strong>,</strong></span> <span class='ocrx_word' id='word_1_44' title='bbox 1018 950 1141 1023; x_wconf 88' lang='lat' dir='ltr'><strong>sed</strong></span> <span class='ocrx_word' id='word_1_45' title='bbox 1168 950 1337 1022; x_wconf 81' lang='lat' dir='ltr'><strong>haec</strong></span> <span class='ocrx_word' id='word_1_46' title='bbox 1362 973 1666 1044; x_wconf 88' lang='lat' dir='ltr'><strong>quoque</strong></span> <span class='ocrx_word' id='word_1_47' title='bbox 1692 945 2163 1042; x_wconf 81' lang='lat' dir='ltr'><strong>inp⁸eritprum</strong></span> <span class='ocrx_word' id='word_1_48' title='bbox 2203 945 2411 1016; x_wconf 88' lang='lat' dir='ltr'><strong>turba</strong></span> <span class='ocrx_word' id='word_1_49' title='bbox 2436 947 2584 1015; x_wconf 86' lang='lat' dir='ltr'><strong>rni-</strong></span> 
     </span>
     <span class='ocr_line' id='line_1_7' title="bbox 656 1055 2580 1160; baseline -0.006 -24"><span class='ocrx_word' id='word_1_50' title='bbox 656 1080 875 1136; x_wconf 86' lang='lat' dir='ltr'><strong>retur.</strong></span> <span class='ocrx_word' id='word_1_51' title='bbox 921 1061 1057 1133; x_wconf 89' lang='lat' dir='ltr'><strong>Hic</strong></span> <span class='ocrx_word' id='word_1_52' title='bbox 1102 1061 1387 1160; x_wconf 86' lang='lat' dir='ltr'><strong>ignotus</strong></span> <span class='ocrx_word' id='word_1_53' title='bbox 1425 1059 1585 1153; x_wconf 87' lang='lat' dir='ltr'><strong>ipsis</strong></span> <span class='ocrx_word' id='word_1_54' title='bbox 1615 1057 1912 1151; x_wconf 63' lang='lat' dir='ltr'><strong>Athenis</strong></span> <span class='ocrx_word' id='word_1_55' title='bbox 1952 1057 2134 1144; x_wconf 89' lang='lat' dir='ltr'><strong>fuit,</strong></span> <span class='ocrx_word' id='word_1_56' title='bbox 2179 1055 2358 1128; x_wconf 80' lang='lat' dir='ltr'><strong>circa</strong></span> <span class='ocrx_word' id='word_1_57' title='bbox 2395 1080 2580 1146; x_wconf 77' lang='lat' dir='ltr'><strong>quas</strong></span> 
     </span>
     <span class='ocr_line' id='line_1_8' title="bbox 658 1161 2592 1260; baseline -0.006 -12"><span class='ocrx_word' id='word_1_58' title='bbox 658 1171 1053 1248; x_wconf 79' lang='lat' dir='ltr'><strong>delituerat.</strong></span> <span class='ocrx_word' id='word_1_59' title='bbox 1116 1168 1361 1240; x_wconf 89' lang='lat' dir='ltr'><strong>Multis</strong></span> <span class='ocrx_word' id='word_1_60' title='bbox 1396 1169 1644 1260; x_wconf 82' lang='lat' dir='ltr'><strong>itaque</strong></span> <span class='ocrx_word' id='word_1_61' title='bbox 1687 1166 1828 1236; x_wconf 83' lang='lat' dir='ltr'><strong>iam</strong></span> <span class='ocrx_word' id='word_1_62' title='bbox 1882 1161 2082 1238; x_wconf 81' lang='lat' dir='ltr'><strong>annis</strong></span> <span class='ocrx_word' id='word_1_63' title='bbox 2137 1163 2592 1236; x_wconf 82' lang='lat' dir='ltr'><strong>Metrodoro.</strong></span> 
     </span>
     <span class='ocr_line' id='line_1_9' title="bbox 653 1275 2578 1384; baseline -0.005 -30"><span class='ocrx_word' id='word_1_64' title='bbox 653 1307 785 1384; x_wconf 75' lang='lat' dir='ltr'><strong>suo</strong></span> <span class='ocrx_word' id='word_1_65' title='bbox 818 1294 1192 1374; x_wconf 82' lang='lat' dir='ltr'><strong>superstes,</strong></span> <span class='ocrx_word' id='word_1_66' title='bbox 1221 1279 1297 1349; x_wconf 88' lang='lat' dir='ltr'><strong>in</strong></span> <span class='ocrx_word' id='word_1_67' title='bbox 1325 1276 1634 1371; x_wconf 77' lang='lat' dir='ltr'><strong>quadam</strong></span> <span class='ocrx_word' id='word_1_68' title='bbox 1666 1275 1978 1370; x_wconf 79' lang='lat' dir='ltr'><strong>Epistola</strong></span> <span class='ocrx_word' id='word_1_69' title='bbox 2002 1326 2027 1364; x_wconf 97' lang='lat'><strong>,</strong></span> <span class='ocrx_word' id='word_1_70' title='bbox 2059 1281 2298 1368; x_wconf 63' lang='lat' dir='ltr'><strong>quum*</strong></span> <span class='ocrx_word' id='word_1_71' title='bbox 2327 1275 2578 1346; x_wconf 84' lang='lat' dir='ltr'><strong>amici-</strong></span> 
     </span>
     <span class='ocr_line' id='line_1_10' title="bbox 652 1386 2572 1485; baseline -0.003 -21"><span class='ocrx_word' id='word_1_72' title='bbox 652 1392 825 1464; x_wconf 83' lang='lat' dir='ltr'><strong>tisrn</strong></span> <span class='ocrx_word' id='word_1_73' title='bbox 864 1414 1065 1462; x_wconf 89' lang='lat' dir='ltr'><strong>suam</strong></span> <span class='ocrx_word' id='word_1_74' title='bbox 1106 1405 1179 1460; x_wconf 88' lang='lat' dir='ltr'><strong>et</strong></span> <span class='ocrx_word' id='word_1_75' title='bbox 1206 1386 1601 1460; x_wconf 77' lang='lat' dir='ltr'><strong>Metrodori</strong></span> <span class='ocrx_word' id='word_1_76' title='bbox 1637 1403 1830 1485; x_wconf 79' lang='lat' dir='ltr'><strong>grata</strong></span> <span class='ocrx_word' id='word_1_77' title='bbox 1873 1386 2572 1460; x_wconf 77' lang='lat' dir='ltr'><strong>commemoratione</strong></span> 
     </span>
     <span class='ocr_line' id='line_1_11' title="bbox 650 1495 2570 1585; baseline -0.004 -11"><span class='ocrx_word' id='word_1_78' title='bbox 650 1497 1043 1585; x_wconf 67' lang='lat' dir='ltr'><strong>cecinisset,</strong></span> <span class='ocrx_word' id='word_1_79' title='bbox 1068 1497 1209 1568; x_wconf 89' lang='lat' dir='ltr'><strong>hoc</strong></span> <span class='ocrx_word' id='word_1_80' title='bbox 1234 1496 1614 1568; x_wconf 86' lang='lat' dir='ltr'><strong>novissime</strong></span> <span class='ocrx_word' id='word_1_81' title='bbox 1637 1496 1926 1568; x_wconf 87' lang='lat' dir='ltr'><strong>adiecit:</strong></span> <span class='ocrx_word' id='word_1_82' title='bbox 1948 1496 2147 1568; x_wconf 76' lang='lat' dir='ltr'><strong>Nihil</strong></span> <span class='ocrx_word' id='word_1_83' title='bbox 2174 1497 2301 1568; x_wconf 81' lang='lat' dir='ltr'><strong>sibi</strong></span> <span class='ocrx_word' id='word_1_84' title='bbox 2337 1513 2406 1565; x_wconf 81' lang='lat' dir='ltr'><strong>et</strong></span> <span class='ocrx_word' id='word_1_85' title='bbox 2429 1495 2570 1568; x_wconf 83' lang='lat' dir='ltr'><strong>Me-</strong></span> 
     </span>
     <span class='ocr_line' id='line_1_12' title="bbox 646 1605 2643 1704; baseline -0.003 -26"><span class='ocrx_word' id='word_1_86' title='bbox 646 1607 903 1678; x_wconf 78' lang='lat' dir='ltr'><strong>trodoro</strong></span> <span class='ocrx_word' id='word_1_87' title='bbox 932 1607 1103 1678; x_wconf 76' lang='lat' dir='ltr'><strong>inter</strong></span> <span class='ocrx_word' id='word_1_88' title='bbox 1135 1606 1297 1676; x_wconf 81' lang='lat' dir='ltr'><strong>bona</strong></span> <span class='ocrx_word' id='word_1_89' title='bbox 1326 1621 1514 1676; x_wconf 78' lang='lat' dir='ltr'><strong>tauta</strong></span> <span class='ocrx_word' id='word_1_90' title='bbox 1547 1608 1872 1679; x_wconf 77' lang='lat' dir='ltr'><strong>nocuisse.</strong></span> <span class='ocrx_word' id='word_1_91' title='bbox 1907 1605 2078 1700; x_wconf 75' lang='lat' dir='ltr'><strong>quod</strong></span> <span class='ocrx_word' id='word_1_92' title='bbox 2099 1606 2262 1704; x_wconf 77' lang='lat' dir='ltr'><strong>ipsos</strong></span> <span class='ocrx_word' id='word_1_93' title='bbox 2291 1605 2420 1678; x_wconf 68' lang='lat' dir='ltr'><strong>illa</strong></span> <span class='ocrx_word' id='word_1_94' title='bbox 2447 1631 2570 1674; x_wconf 85' lang='lat' dir='ltr'><strong>no·-</strong></span> <span class='ocrx_word' id='word_1_95' title='bbox 2630 1679 2643 1686; x_wconf 54' lang='grc'><em>,</em></span> 
     </span>
     <span class='ocr_line' id='line_1_13' title="bbox 653 1712 2565 1812; baseline -0.002 -25"><span class='ocrx_word' id='word_1_96' title='bbox 653 1716 799 1787; x_wconf 69' lang='lat' dir='ltr'><strong>bilis</strong></span> <span class='ocrx_word' id='word_1_97' title='bbox 830 1712 1105 1784; x_wconf 76' lang='lat' dir='ltr'><strong>Graecia</strong></span> <span class='ocrx_word' id='word_1_98' title='bbox 1130 1737 1255 1782; x_wconf 85' lang='lat' dir='ltr'><strong>non</strong></span> <span class='ocrx_word' id='word_1_99' title='bbox 1294 1714 1546 1806; x_wconf 78' lang='lat' dir='ltr'><strong>ignotos</strong></span> <span class='ocrx_word' id='word_1_100' title='bbox 1572 1713 1776 1784; x_wconf 83' lang='lat' dir='ltr'><strong>solum</strong></span> <span class='ocrx_word' id='word_1_101' title='bbox 1817 1713 2177 1790; x_wconf 67' lang='lat' dir='ltr'><strong>habuisset.</strong></span> <span class='ocrx_word' id='word_1_102' title='bbox 2209 1714 2328 1783; x_wconf 80' lang='lat' dir='ltr'><strong>sed</strong></span> <span class='ocrx_word' id='word_1_103' title='bbox 2351 1739 2565 1812; x_wconf 80' lang='lat' dir='ltr'><strong>paene</strong></span> 
     </span>
     <span class='ocr_line' id='line_1_14' title="bbox 650 1825 2554 1924; baseline 0.001 -27"><span class='ocrx_word' id='word_1_104' title='bbox 650 1826 993 1898; x_wconf 80' lang='lat' dir='ltr'><strong>inauditos.</strong></span> <span class='ocrx_word' id='word_1_105' title='bbox 1022 1825 1410 1918; x_wconf 84' lang='lat' dir='ltr'><strong>Numquid</strong></span> <span class='ocrx_word' id='word_1_106' title='bbox 1441 1849 1608 1924; x_wconf 89' lang='lat' dir='ltr'><strong>ergo</strong></span> <span class='ocrx_word' id='word_1_107' title='bbox 1639 1847 1791 1898; x_wconf 88' lang='lat' dir='ltr'><strong>non</strong></span> <span class='ocrx_word' id='word_1_108' title='bbox 1823 1844 2069 1920; x_wconf 84' lang='lat' dir='ltr'><strong>postea</strong></span> <span class='ocrx_word' id='word_1_109' title='bbox 2089 1875 2115 1915; x_wconf 90' lang='lat'><strong>,</strong></span> <span class='ocrx_word' id='word_1_110' title='bbox 2163 1851 2386 1920; x_wconf 85' lang='lat' dir='ltr'><strong>quam</strong></span> <span class='ocrx_word' id='word_1_111' title='bbox 2411 1853 2554 1898; x_wconf 87' lang='lat' dir='ltr'><strong>esse</strong></span> 
     </span>
     <span class='ocr_line' id='line_1_15' title="bbox 650 1932 2568 2029; baseline -0.001 -22"><span class='ocrx_word' id='word_1_112' title='bbox 650 1935 973 2020; x_wconf 77' lang='lat' dir='ltr'><strong>desierat,</strong></span> <span class='ocrx_word' id='word_1_113' title='bbox 1004 1934 1339 2004; x_wconf 83' lang='lat' dir='ltr'><strong>inventus</strong></span> <span class='ocrx_word' id='word_1_114' title='bbox 1362 1935 1514 2004; x_wconf 80' lang='lat' dir='ltr'><strong>est?</strong></span> <span class='ocrx_word' id='word_1_115' title='bbox 1553 1932 1923 2027; x_wconf 85' lang='lat' dir='ltr'><strong>numquid</strong></span> <span class='ocrx_word' id='word_1_116' title='bbox 1953 1955 2105 2004; x_wconf 88' lang='lat' dir='ltr'><strong>non</strong></span> <span class='ocrx_word' id='word_1_117' title='bbox 2137 1934 2394 2029; x_wconf 85' lang='lat' dir='ltr'><strong>opinio</strong></span> <span class='ocrx_word' id='word_1_118' title='bbox 2413 1936 2568 2006; x_wconf 84' lang='lat' dir='ltr'><strong>eius</strong></span> 
     </span>
     <span class='ocr_line' id='line_1_16' title="bbox 651 2041 2568 2136; baseline -0.001 -22"><span class='ocrx_word' id='word_1_119' title='bbox 651 2043 944 2114; x_wconf 85' lang='lat' dir='ltr'><strong>emicuit</strong></span> <span class='ocrx_word' id='word_1_120' title='bbox 975 2043 1009 2113; x_wconf 73' lang='grc' dir='ltr'><strong>ἰ’</strong></span> <span class='ocrx_word' id='word_1_121' title='bbox 1040 2041 1201 2114; x_wconf 87' lang='lat' dir='ltr'><strong>Hoc</strong></span> <span class='ocrx_word' id='word_1_122' title='bbox 1226 2041 1311 2112; x_wconf 92' lang='lat' dir='ltr'>M</span> <span class='ocrx_word' id='word_1_123' title='bbox 1324 2059 1370 2112; x_wconf 78' lang='grc' dir='ltr'><strong>Ε</strong></span> <span class='ocrx_word' id='word_1_124' title='bbox 1388 2050 1508 2122; x_wconf 64' lang='lat' dir='ltr'><strong>‘Lu</strong></span> <span class='ocrx_word' id='word_1_125' title='bbox 1525 2061 1576 2113; x_wconf 91' lang='lat' dir='ltr'><strong>o</strong></span> <span class='ocrx_word' id='word_1_126' title='bbox 1597 2063 1652 2114; x_wconf 82' lang='grc' dir='ltr'><strong>Ι)</strong></span> <span class='ocrx_word' id='word_1_127' title='bbox 1673 2061 1722 2113; x_wconf 91' lang='lat' dir='ltr'><strong>o</strong></span> <span class='ocrx_word' id='word_1_128' title='bbox 1744 2063 1792 2114; x_wconf 76' lang='lat' dir='ltr'>R</span> <span class='ocrx_word' id='word_1_129' title='bbox 1813 2061 1864 2110; x_wconf 81' lang='lat' dir='ltr'><strong>tr</strong></span> <span class='ocrx_word' id='word_1_130' title='bbox 1887 2060 1924 2114; x_wconf 83' lang='lat' dir='ltr'><strong>s</strong></span> <span class='ocrx_word' id='word_1_131' title='bbox 1963 2061 2266 2136; x_wconf 86' lang='lat' dir='ltr'><strong>quoque</strong></span> <span class='ocrx_word' id='word_1_132' title='bbox 2293 2043 2370 2112; x_wconf 89' lang='lat' dir='ltr'><strong>in</strong></span> <span class='ocrx_word' id='word_1_133' title='bbox 2391 2067 2568 2136; x_wconf 83' lang='lat' dir='ltr'><strong>qua·</strong></span> 
     </span>
     <span class='ocr_line' id='line_1_17' title="bbox 650 2137 2576 2252; baseline -0.001 -28"><span class='ocrx_word' id='word_1_134' title='bbox 650 2153 819 2225; x_wconf 84' lang='lat' dir='ltr'><strong>darn</strong></span> <span class='ocrx_word' id='word_1_135' title='bbox 844 2137 1153 2246; x_wconf 75' lang='lat' dir='ltr'><strong>Epistola</strong></span> <span class='ocrx_word' id='word_1_136' title='bbox 1186 2151 1615 2224; x_wconf 84' lang='lat' dir='ltr'><strong>confitetur:</strong></span> <span class='ocrx_word' id='word_1_137' title='bbox 1657 2177 1725 2223; x_wconf 81' lang='lat' dir='ltr'><strong>se</strong></span> <span class='ocrx_word' id='word_1_138' title='bbox 1751 2171 1816 2222; x_wconf 83' lang='lat' dir='ltr'><strong>et</strong></span> <span class='ocrx_word' id='word_1_139' title='bbox 1843 2151 2198 2252; x_wconf 80' lang='lat' dir='ltr'><strong>Epicurum</strong></span> <span class='ocrx_word' id='word_1_140' title='bbox 2234 2177 2360 2222; x_wconf 82' lang='lat' dir='ltr'><strong>non</strong></span> <span class='ocrx_word' id='word_1_141' title='bbox 2400 2154 2576 2222; x_wconf 80' lang='lat' dir='ltr'><strong>satis.</strong></span> 
     </span>
     <span class='ocr_line' id='line_1_18' title="bbox 648 2257 2564 2359; baseline 0.001 -29"><span class='ocrx_word' id='word_1_142' title='bbox 648 2262 1027 2332; x_wconf 62' lang='lat' dir='ltr'><strong>eminuissu</strong></span> <span class='ocrx_word' id='word_1_143' title='bbox 1047 2259 1162 2330; x_wconf 85' lang='lat' dir='ltr'><strong>sed</strong></span> <span class='ocrx_word' id='word_1_144' title='bbox 1171 2276 1346 2356; x_wconf 77' lang='lat' dir='ltr'><strong>post,</strong></span> <span class='ocrx_word' id='word_1_145' title='bbox 1364 2283 1434 2330; x_wconf 80' lang='lat' dir='ltr'><strong>se</strong></span> <span class='ocrx_word' id='word_1_146' title='bbox 1459 2277 1525 2331; x_wconf 77' lang='lat' dir='ltr'><strong>et</strong></span> <span class='ocrx_word' id='word_1_147' title='bbox 1541 2257 1888 2358; x_wconf 81' lang='lat' dir='ltr'><strong>Epicurum</strong></span> <span class='ocrx_word' id='word_1_148' title='bbox 1906 2285 2216 2354; x_wconf 82' lang='lat' dir='ltr'><strong>magnum</strong></span> <span class='ocrx_word' id='word_1_149' title='bbox 2230 2278 2564 2359; x_wconf 80' lang='lat' dir='ltr'><strong>paratum·</strong></span> 
     </span>
     <span class='ocr_line' id='line_1_19' title="bbox 648 2366 2563 2473; baseline 0.002 -33"><span class='ocrx_word' id='word_1_150' title='bbox 648 2393 771 2467; x_wconf 78' lang='lat' dir='ltr'><strong>que</strong></span> <span class='ocrx_word' id='word_1_151' title='bbox 788 2391 1013 2440; x_wconf 82' lang='lat' dir='ltr'><strong>nomen</strong></span> <span class='ocrx_word' id='word_1_152' title='bbox 1050 2366 1420 2445; x_wconf 70' lang='lat' dir='ltr'><strong>habituros,</strong></span> <span class='ocrx_word' id='word_1_153' title='bbox 1449 2385 1514 2441; x_wconf 76' lang='lat' dir='ltr'><strong>et</strong></span> <span class='ocrx_word' id='word_1_154' title='bbox 1543 2373 1656 2467; x_wconf 79' lang='lat' dir='ltr'><strong>qui</strong></span> <span class='ocrx_word' id='word_1_155' title='bbox 1683 2371 2031 2445; x_wconf 79' lang='lat' dir='ltr'><strong>voluissent</strong></span> <span class='ocrx_word' id='word_1_156' title='bbox 2058 2397 2184 2473; x_wconf 82' lang='lat' dir='ltr'><strong>per</strong></span> <span class='ocrx_word' id='word_1_157' title='bbox 2211 2374 2434 2445; x_wconf 79' lang='lat' dir='ltr'><strong>eadem</strong></span> <span class='ocrx_word' id='word_1_158' title='bbox 2467 2375 2563 2443; x_wconf 85' lang='lat' dir='ltr'><strong>ire</strong></span> 
     </span>
     <span class='ocr_line' id='line_1_20' title="bbox 645 2476 2572 2581; baseline 0.002 -30"><span class='ocrx_word' id='word_1_159' title='bbox 645 2479 943 2581; x_wconf 57' lang='lat' dir='ltr'><strong>vestigia.</strong></span> <span class='ocrx_word' id='word_1_160' title='bbox 982 2514 1053 2529; x_wconf 89' lang='lat'><em>-</em></span> <span class='ocrx_word' id='word_1_161' title='bbox 1105 2476 1319 2547; x_wconf 85' lang='lat' dir='ltr'><strong>Nulla</strong></span> <span class='ocrx_word' id='word_1_162' title='bbox 1362 2478 1584 2549; x_wconf 84' lang='lat' dir='ltr'><strong>virtus</strong></span> <span class='ocrx_word' id='word_1_163' title='bbox 1631 2481 1850 2564; x_wconf 57' lang='lat' dir='ltr'><strong>latet,</strong></span> <span class='ocrx_word' id='word_1_164' title='bbox 1895 2500 1968 2553; x_wconf 91' lang='lat' dir='ltr'><strong>et</strong></span> <span class='ocrx_word' id='word_1_165' title='bbox 2013 2482 2347 2569; x_wconf 81' lang='lat' dir='ltr'><strong>latuisse,</strong></span> <span class='ocrx_word' id='word_1_166' title='bbox 2403 2508 2572 2565; x_wconf 70' lang='lat' dir='ltr'><strong>non,</strong></span> 
     </span>
     <span class='ocr_line' id='line_1_21' title="bbox 643 2582 2556 2683; baseline 0.005 -28"><span class='ocrx_word' id='word_1_167' title='bbox 643 2585 863 2681; x_wconf 84' lang='lat' dir='ltr'><strong>ipsius</strong></span> <span class='ocrx_word' id='word_1_168' title='bbox 886 2602 989 2657; x_wconf 86' lang='lat' dir='ltr'><strong>est</strong></span> <span class='ocrx_word' id='word_1_169' title='bbox 1019 2582 1389 2681; x_wconf 79' lang='lat' dir='ltr'><strong>damnum.</strong></span> <span class='ocrx_word' id='word_1_170' title='bbox 1437 2586 1736 2677; x_wconf 86' lang='lat' dir='ltr'><strong>Veniet,</strong></span> <span class='ocrx_word' id='word_1_171' title='bbox 1765 2590 1896 2683; x_wconf 91' lang='lat' dir='ltr'><strong>qui</strong></span> <span class='ocrx_word' id='word_1_172' title='bbox 1923 2590 2290 2663; x_wconf 81' lang='lat' dir='ltr'><strong>conditam</strong></span> <span class='ocrx_word' id='word_1_173' title='bbox 2308 2644 2330 2680; x_wconf 91' lang='lat'>‚</span> <span class='ocrx_word' id='word_1_174' title='bbox 2357 2613 2430 2665; x_wconf 87' lang='lat' dir='ltr'><strong>et</strong></span> <span class='ocrx_word' id='word_1_175' title='bbox 2449 2620 2556 2667; x_wconf 87' lang='lat' dir='ltr'><strong>se-</strong></span> 
     </span>
     <span class='ocr_line' id='line_1_22' title="bbox 644 2691 2554 2795; baseline 0.003 -30"><span class='ocrx_word' id='word_1_176' title='bbox 644 2691 791 2765; x_wconf 84' lang='lat' dir='ltr'><strong>culi</strong></span> <span class='ocrx_word' id='word_1_177' title='bbox 828 2693 939 2764; x_wconf 83' lang='lat' dir='ltr'><strong>sui</strong></span> <span class='ocrx_word' id='word_1_178' title='bbox 978 2693 1418 2793; x_wconf 79' lang='lat' dir='ltr'><strong>malignitate</strong></span> <span class='ocrx_word' id='word_1_179' title='bbox 1443 2718 1895 2791; x_wconf 45' lang='lat' dir='ltr'><strong>*conpressam</strong></span> <span class='ocrx_word' id='word_1_180' title='bbox 1925 2749 1950 2787; x_wconf 99' lang='lat'><strong>,</strong></span> <span class='ocrx_word' id='word_1_181' title='bbox 2017 2698 2164 2771; x_wconf 87' lang='lat' dir='ltr'><strong>dies</strong></span> <span class='ocrx_word' id='word_1_182' title='bbox 2203 2701 2554 2795; x_wconf 85' lang='lat' dir='ltr'><strong>publicet.</strong></span> 
     </span>
     <span class='ocr_line' id='line_1_23' title="bbox 646 2802 2554 2907; baseline 0.002 -32"><span class='ocrx_word' id='word_1_183' title='bbox 646 2802 893 2875; x_wconf 83' lang='lat' dir='ltr'><strong>Paucis</strong></span> <span class='ocrx_word' id='word_1_184' title='bbox 922 2818 1129 2875; x_wconf 84' lang='lat' dir='ltr'><strong>natus</strong></span> <span class='ocrx_word' id='word_1_185' title='bbox 1150 2818 1294 2891; x_wconf 87' lang='lat' dir='ltr'><strong>est,</strong></span> <span class='ocrx_word' id='word_1_186' title='bbox 1343 2804 1476 2899; x_wconf 86' lang='lat' dir='ltr'><strong>qui</strong></span> <span class='ocrx_word' id='word_1_187' title='bbox 1499 2808 1860 2899; x_wconf 86' lang='lat' dir='ltr'><strong>populum</strong></span> <span class='ocrx_word' id='word_1_188' title='bbox 1890 2808 2132 2878; x_wconf 84' lang='lat' dir='ltr'><strong>aetatis</strong></span> <span class='ocrx_word' id='word_1_189' title='bbox 2151 2832 2317 2879; x_wconf 86' lang='lat' dir='ltr'><strong>suae</strong></span> <span class='ocrx_word' id='word_1_190' title='bbox 2359 2811 2554 2907; x_wconf 86' lang='lat' dir='ltr'><strong>cogi-</strong></span> 
     </span>
     <span class='ocr_line' id='line_1_24' title="bbox 646 2915 2552 3012; baseline 0.002 -26"><span class='ocrx_word' id='word_1_191' title='bbox 646 2930 770 2987; x_wconf 83' lang='lat' dir='ltr'><strong>tat.</strong></span> <span class='ocrx_word' id='word_1_192' title='bbox 824 2915 1057 2986; x_wconf 84' lang='lat' dir='ltr'><strong>Multa</strong></span> <span class='ocrx_word' id='word_1_193' title='bbox 1100 2936 1458 2991; x_wconf 80' lang='lat' dir='ltr'><strong>annorum</strong></span> <span class='ocrx_word' id='word_1_194' title='bbox 1505 2915 1764 3003; x_wconf 83' lang='lat' dir='ltr'><strong>millia,</strong></span> <span class='ocrx_word' id='word_1_195' title='bbox 1826 2918 2058 2988; x_wconf 87' lang='lat' dir='ltr'><strong>multa</strong></span> <span class='ocrx_word' id='word_1_196' title='bbox 2103 2919 2552 3012; x_wconf 86' lang='lat' dir='ltr'><strong>populorum</strong></span> 
     </span>
     <span class='ocr_line' id='line_1_25' title="bbox 644 3023 2558 3121; baseline 0.001 -25"><span class='ocrx_word' id='word_1_197' title='bbox 644 3025 1189 3121; x_wconf 82' lang='lat' dir='ltr'><strong>supervenient3</strong></span> <span class='ocrx_word' id='word_1_198' title='bbox 1228 3024 1320 3096; x_wconf 83' lang='lat' dir='ltr'><strong>ad</strong></span> <span class='ocrx_word' id='word_1_199' title='bbox 1351 3023 1472 3095; x_wconf 80' lang='lat' dir='ltr'><strong>illa</strong></span> <span class='ocrx_word' id='word_1_200' title='bbox 1509 3024 1804 3119; x_wconf 82' lang='lat' dir='ltr'><strong>respice!</strong></span> <span class='ocrx_word' id='word_1_201' title='bbox 1859 3024 2090 3097; x_wconf 84' lang='lat' dir='ltr'><strong>Etiam</strong></span> <span class='ocrx_word' id='word_1_202' title='bbox 2121 3026 2176 3097; x_wconf 86' lang='lat' dir='ltr'><strong>si</strong></span> <span class='ocrx_word' id='word_1_203' title='bbox 2213 3029 2558 3099; x_wconf 84' lang='lat' dir='ltr'><strong>omnibus</strong></span> 
     </span>
     <span class='ocr_line' id='line_1_26' title="bbox 645 3132 2554 3225; baseline 0.002 -20"><span class='ocrx_word' id='word_1_204' title='bbox 645 3150 891 3206; x_wconf 87' lang='lat' dir='ltr'><strong>tecum</strong></span> <span class='ocrx_word' id='word_1_205' title='bbox 922 3134 1331 3205; x_wconf 79' lang='lat' dir='ltr'><strong>viventibus</strong></span> <span class='ocrx_word' id='word_1_206' title='bbox 1356 3132 1719 3206; x_wconf 87' lang='lat' dir='ltr'><strong>silentium</strong></span> <span class='ocrx_word' id='word_1_207' title='bbox 1763 3134 1944 3205; x_wconf 89' lang='lat' dir='ltr'><strong>livor</strong></span> <span class='ocrx_word' id='word_1_208' title='bbox 1991 3134 2332 3208; x_wconf 79' lang='lat' dir='ltr'><strong>indixerit</strong></span> <span class='ocrx_word' id='word_1_209' title='bbox 2357 3186 2382 3225; x_wconf 90' lang='lat'><strong>,</strong></span> <span class='ocrx_word' id='word_1_210' title='bbox 2425 3162 2554 3208; x_wconf 77' lang='lat' dir='ltr'><strong>ve·-</strong></span> 
     </span>
     <span class='ocr_line' id='line_1_27' title="bbox 646 3240 2557 3342; baseline 0 -27"><span class='ocrx_word' id='word_1_211' title='bbox 646 3240 849 3317; x_wconf 80' lang='lat' dir='ltr'><strong>nient</strong></span> <span class='ocrx_word' id='word_1_212' title='bbox 884 3244 1013 3335; x_wconf 88' lang='lat' dir='ltr'><strong>qui</strong></span> <span class='ocrx_word' id='word_1_213' title='bbox 1046 3244 1193 3313; x_wconf 83' lang='lat' dir='ltr'><strong>sine</strong></span> <span class='ocrx_word' id='word_1_214' title='bbox 1232 3242 1538 3329; x_wconf 78' lang='lat' dir='ltr'><strong>offensa,</strong></span> <span class='ocrx_word' id='word_1_215' title='bbox 1586 3246 1738 3317; x_wconf 89' lang='lat' dir='ltr'><strong>sine</strong></span> <span class='ocrx_word' id='word_1_216' title='bbox 1783 3245 2041 3342; x_wconf 82' lang='lat' dir='ltr'><strong>gratia,</strong></span> <span class='ocrx_word' id='word_1_217' title='bbox 2085 3245 2428 3318; x_wconf 87' lang='lat' dir='ltr'><strong>iudicent.</strong></span> <span class='ocrx_word' id='word_1_218' title='bbox 2475 3246 2557 3318; x_wconf 85' lang='lat' dir='ltr'><strong>Si</strong></span> 
     </span>
     <span class='ocr_line' id='line_1_28' title="bbox 572 3340 2550 3449; baseline 0.002 -25"><span class='ocrx_word' id='word_1_219' title='bbox 572 3340 577 3354; x_wconf 58' lang='lat'><strong><em>¹</em></strong></span> <span class='ocrx_word' id='word_1_220' title='bbox 644 3350 851 3449; x_wconf 87' lang='lat' dir='ltr'><strong>quod</strong></span> <span class='ocrx_word' id='word_1_221' title='bbox 874 3371 977 3421; x_wconf 80' lang='lat' dir='ltr'><strong>est</strong></span> <span class='ocrx_word' id='word_1_222' title='bbox 1019 3352 1329 3443; x_wconf 87' lang='lat' dir='ltr'><strong>pretium</strong></span> <span class='ocrx_word' id='word_1_223' title='bbox 1364 3352 1644 3425; x_wconf 77' lang='lat' dir='ltr'><strong>virtutis</strong></span> <span class='ocrx_word' id='word_1_224' title='bbox 1683 3376 1776 3424; x_wconf 81' lang='lat' dir='ltr'><strong>ex</strong></span> <span class='ocrx_word' id='word_1_225' title='bbox 1819 3354 2049 3444; x_wconf 80' lang='lat' dir='ltr'><strong>fama,</strong></span> <span class='ocrx_word' id='word_1_226' title='bbox 2099 3380 2237 3429; x_wconf 89' lang='lat' dir='ltr'><strong>nec</strong></span> <span class='ocrx_word' id='word_1_227' title='bbox 2270 3351 2410 3428; x_wconf 91' lang='lat' dir='ltr'><strong>hoc</strong></span> <span class='ocrx_word' id='word_1_228' title='bbox 2436 3357 2550 3428; x_wconf 85' lang='lat' dir='ltr'><strong>in-</strong></span> 
     </span>
     <span class='ocr_line' id='line_1_29' title="bbox 644 3458 2548 3559; baseline 0.001 -25"><span class='ocrx_word' id='word_1_229' title='bbox 644 3461 827 3535; x_wconf 85' lang='lat' dir='ltr'><strong>terit.</strong></span> <span class='ocrx_word' id='word_1_230' title='bbox 854 3458 971 3531; x_wconf 84' lang='lat' dir='ltr'><strong>Ad</strong></span> <span class='ocrx_word' id='word_1_231' title='bbox 994 3482 1125 3531; x_wconf 85' lang='lat' dir='ltr'><strong>nos</strong></span> <span class='ocrx_word' id='word_1_232' title='bbox 1146 3460 1446 3552; x_wconf 86' lang='lat' dir='ltr'><strong>quidem</strong></span> <span class='ocrx_word' id='word_1_233' title='bbox 1477 3458 1658 3531; x_wconf 81' lang='lat' dir='ltr'><strong>nihil</strong></span> <span class='ocrx_word' id='word_1_234' title='bbox 1683 3464 2070 3554; x_wconf 87' lang='lat' dir='ltr'><strong>pertinebit</strong></span> <span class='ocrx_word' id='word_1_235' title='bbox 2093 3480 2548 3559; x_wconf 83' lang='lat' dir='ltr'><strong>posterorum</strong></span> 
     </span>
     <span class='ocr_line' id='line_1_30' title="bbox 643 3565 2552 3661; baseline 0.001 -16"><span class='ocrx_word' id='word_1_236' title='bbox 643 3596 911 3661; x_wconf 76' lang='lat' dir='ltr'><strong>serm03</strong></span> <span class='ocrx_word' id='word_1_237' title='bbox 956 3590 1198 3648; x_wconf 81' lang='lat' dir='ltr'><strong>tamen</strong></span> <span class='ocrx_word' id='word_1_238' title='bbox 1240 3572 1454 3644; x_wconf 83' lang='lat' dir='ltr'><strong>etiam</strong></span> <span class='ocrx_word' id='word_1_239' title='bbox 1487 3595 1639 3643; x_wconf 90' lang='lat' dir='ltr'><strong>non</strong></span> <span class='ocrx_word' id='word_1_240' title='bbox 1681 3576 2060 3648; x_wconf 86' lang='lat' dir='ltr'><strong>sentientes</strong></span> <span class='ocrx_word' id='word_1_241' title='bbox 2083 3578 2270 3649; x_wconf 88' lang='lat' dir='ltr'><strong>colet</strong></span> <span class='ocrx_word' id='word_1_242' title='bbox 2299 3602 2382 3649; x_wconf 84' lang='lat' dir='ltr'><strong>ac</strong></span> <span class='ocrx_word' id='word_1_243' title='bbox 2403 3565 2552 3646; x_wconf 57' lang='lat' dir='ltr'><strong>&#39;fte-</strong></span> 
     </span>
     <span class='ocr_line' id='line_1_31' title="bbox 645 3680 2551 3777; baseline 0.001 -24"><span class='ocrx_word' id='word_1_244' title='bbox 645 3683 1043 3771; x_wconf 80' lang='lat' dir='ltr'><strong>quentabit.</strong></span> <span class='ocrx_word' id='word_1_245' title='bbox 1088 3680 1290 3753; x_wconf 87' lang='lat' dir='ltr'><strong>Nulli</strong></span> <span class='ocrx_word' id='word_1_246' title='bbox 1324 3703 1476 3753; x_wconf 89' lang='lat' dir='ltr'><strong>non</strong></span> <span class='ocrx_word' id='word_1_247' title='bbox 1502 3680 1778 3771; x_wconf 85' lang='lat' dir='ltr'><strong>Virtus,</strong></span> <span class='ocrx_word' id='word_1_248' title='bbox 1814 3699 1887 3755; x_wconf 90' lang='lat' dir='ltr'><strong>et</strong></span> <span class='ocrx_word' id='word_1_249' title='bbox 1912 3684 2082 3757; x_wconf 81' lang='lat' dir='ltr'><strong>&#39;vivo</strong></span> <span class='ocrx_word' id='word_1_250' title='bbox 2111 3702 2184 3759; x_wconf 88' lang='lat' dir='ltr'><strong>et</strong></span> <span class='ocrx_word' id='word_1_251' title='bbox 2207 3702 2506 3777; x_wconf 78' lang='lat' dir='ltr'><strong>mortuo</strong></span> <span class='ocrx_word' id='word_1_252' title='bbox 2526 3737 2551 3772; x_wconf 89' lang='lat'><strong>,</strong></span> 
     </span>
     <span class='ocr_line' id='line_1_32' title="bbox 644 3790 2554 3891; baseline 0.003 -33"><span class='ocrx_word' id='word_1_253' title='bbox 644 3792 887 3863; x_wconf 80' lang='lat' dir='ltr'><strong>retulit</strong></span> <span class='ocrx_word' id='word_1_254' title='bbox 908 3792 1197 3891; x_wconf 83' lang='lat' dir='ltr'><strong>gratiam</strong></span> <span class='ocrx_word' id='word_1_255' title='bbox 1204 3816 1233 3879; x_wconf 75' lang='lat'>5</span> <span class='ocrx_word' id='word_1_256' title='bbox 1274 3790 1333 3861; x_wconf 86' lang='lat' dir='ltr'><strong>si</strong></span> <span class='ocrx_word' id='word_1_257' title='bbox 1356 3791 1584 3863; x_wconf 87' lang='lat' dir='ltr'><strong>modo</strong></span> <span class='ocrx_word' id='word_1_258' title='bbox 1607 3790 1808 3867; x_wconf 81' lang='lat' dir='ltr'><strong>‘illam</strong></span> <span class='ocrx_word' id='word_1_259' title='bbox 1847 3794 2038 3866; x_wconf 84' lang='lat' dir='ltr'><strong>bona</strong></span> <span class='ocrx_word' id='word_1_260' title='bbox 2065 3808 2416 3891; x_wconf 86' lang='lat' dir='ltr'><strong>sequutus</strong></span> <span class='ocrx_word' id='word_1_261' title='bbox 2443 3813 2554 3867; x_wconf 89' lang='lat' dir='ltr'><strong>est</strong></span> 
     </span>
    </p>
   </div>
   <div class='ocr_carea' id='block_1_3' title="bbox 2778 2702 2782 3231">
    <p class='ocr_par' dir='ltr' id='par_1_3' title="bbox 2778 2702 2782 3231">
     <span class='ocr_line' id='line_1_33' title="bbox 2778 2702 2782 3231; baseline 0 0"><span class='ocrx_word' id='word_1_262' title='bbox 2778 2702 2782 3231; x_wconf 95' lang='lat' dir='ltr'><strong> </strong></span> 
     </span>
    </p>
   </div>
   <div class='ocr_carea' id='block_1_4' title="bbox 2776 3618 2780 4204">
    <p class='ocr_par' dir='ltr' id='par_1_4' title="bbox 2776 3618 2780 4204">
     <span class='ocr_line' id='line_1_34' title="bbox 2776 3618 2780 4204; baseline 0 0"><span class='ocrx_word' id='word_1_263' title='bbox 2776 3618 2780 4204; x_wconf 95' lang='lat' dir='ltr'><strong> </strong></span> 
     </span>
    </p>
   </div>
  </div>
 </body>
</html>
