2809 4850
529 371 1437 456 winsi-oms
1520 374 1699 452 Lx,
1996 380 2134 478 187

175 532 614 632 numquam
649 538 800 610 sine
825 535 1090 636 gaudio
1111 556 1234 610 est.
1265 537 1637 610 Gaudium
1662 537 1803 610 hoc
1824 560 1976 612 non
2002 561 2133 614 na-

182 647 459 736 scitur,
507 645 640 720 nisi
681 672 772 720 ex
807 651 1158 722 virtutum
1199 647 1641 722 conscientia.
1682 649 1859 721 Non
1891 665 2135 744 potest

184 756 554 854 gaudere,
587 756 721 828 nisi
748 745 986 845 fortis,
1035 755 1168 829 nisi
1209 758 1430 828 iustus
1448 808 1471 843 ,
1531 758 1663 840 nisi
1704 775 2125 852 temperans.

203 901 288 920 --
329 864 544 970 Quid
585 890 754 963 ergo
781 866 816 937 Ρ
861 866 1142 959 inquis;
1179 866 1378 940 stulti
1413 890 1495 938 ac
1550 866 1721 936 mali
1764 890 1913 936 non
1958 891 2131 964 gau-

193 974 436 1046 dent?
473 1015 546 1030 -
600 973 673 1046 N
677 999 776 1046 on
805 975 1062 1072 magis,
1115 997 1336 1068 quam
1375 972 1711 1066 praedam
1752 975 1941 1044 nacti
1978 974 2129 1044 leo-

185 1107 353 1155 .nes‚
410 1084 670 1188 Quum
721 1083 1192 1181 fatigaverunt
1237 1107 1311 1154 se
1351 1084 1635 1154 vino-et
1670 1081 2129 1168 libidinibus3

195 1213 442 1284 quum
481 1192 635 1262 illos
673 1213 826 1261 nox
871 1190 1059 1262 inter
1100 1190 1264 1264 vina
1296 1190 1595 1276 defecit;
1640 1215 1875 1282 quum
1914 1190 2129 1260 volu·-
2164 1261 2169 1267 .
2250 1267 2259 1276 ,

195 1317 482 1396 ptates,
516 1319 813 1398 angusto
859 1301 1145 1394 corpori
1184 1303 1366 1402 ultra
1414 1325 1635 1394 quam
1671 1300 1991 1392 capiebat
2024 1300 2131 1370 in·

197 1429 464 1508 gestae,
487 1435 872 1506 suppurare
896 1419 1330 1504 'coeperunt3
1368 1429 1545 1484 tunc
1566 1415 1969 1484 exclamant
1988 1411 2127 1484 mi·-

197 1521 337 1598 seti
368 1521 939 1594 VIRGILIANUM
963 1524 1214 1618 [illum
1237 1525 1561 1618 versum]
1584 1551 1601 1592 e

297 1631 602 1728 Namque
629 1654 705 1704 ur
730 1658 1090 1730 supremam
1105 1633 1306 1732 salsa
1341 1638 1515 1711 inter
1532 1635 1785 1730 gaudia
1807 1651 2053 1708 noctem

299 1746 622 1835 egerimus
638 1794 662 1817 .
711 1747 900 1814 nosti.
939 1782 1010 1796 —

201 1847 534 1924 Omnem
573 1853 924 1924 luxuriosi
961 1871 1252 1927 noctem
1293 1855 1479 1926 inter
1520 1853 1687 1926 falsa
1725 1852 2015 1952 gaudia,
2050 1867 2129 1925 et

202 1964 510 2056 quidem
541 1979 912 2056 tamquam
945 1989 1383 2059 supremam,
1434 1983 1677 2063 agunt.
1737 1965 1929 2036 Illud
1956 1985 2131 2062 gau·-

199 2074 449 2162 dium,
474 2075 678 2168 quod
700 2075 892 2146 Deos
919 2075 1398 2170 Deorumque
1424 2078 1747 2148 aemulos
1770 2077 2129 2168 seqnitur,

199 2206 354 2256 non
372 2183 943 2280 interrumpitur,
978 2209 1132 2258 non
1151 2187 1438 2260 desinit:
1468 2189 1846 2275 desineret,
1870 2188 1927 2258 si
1946 2211 2133 2260 sum

199 2309 364 2365 tum
389 2313 566 2367 esset
597 2297 924 2372 aliunde.
969 2298 1142 2394 quia
1185 2321 1338 2370 uon
1371 2315 1476 2370 est
1510 2298 1721 2370 alieni
1766 2296 2079 2370 muneris
2098 2346 2125 2382 ‚

193 2430 294 2486 ne
323 2407 596 2481 arbitrii
621 2407 918 2502 quidem'
939 2409 1150 2481 alieni
1177 2428 1302 2486 est.
1329 2409 1557 2517 Quod
1588 2426 1743 2481 non
1756 2405 1972 2481 dedit
1980 2405 2127 2477 for·-

199 2535 424 2607 tuna,
458 2522 618 2589 non
649 2516 878 2611 eripit.
927 2516 1130 2591 Vale.
1949 2547 1957 2555 ·

721 2686 1363 2763 EPISTOLA
1441 2678 1695 2807 LX.)
1770 2664 1873 2803 Ἠ

483 2822 630 2883 vota
646 2824 790 2895 vulgi
807 2826 1106 2895 spernenda.
1143 2826 1384 2879 Naturam
1403 2827 1695 2885 audiendam
1716 2840 1887 2925 ‘⁸⁸²2

544 3012 554 3022 >·
592 2966 933 3041 SENECA
976 2966 1230 3038 Lucilio
1273 2990 1386 3035 suo
1427 2950 1741 3035 Salutem.

205 3030 640 3197 QUEROR,
653 3093 884 3190 litigo,
909 3090 1184 3162 irascor.
1223 3088 1451 3159 Etiam
1479 3110 1675 3159 nunc
1700 3092 1900 3182 optas
1920 3086 2129 3183 quod

202 3196 340 3269 tibi
376 3202 655 3292 optavit
680 3200 926 3273 nutrix
952 3216 1074 3272 tua
1094 3249 1116 3286 ,
1147 3215 1272 3270 aut
1299 3194 1744 3293 paedagogus
1765 3248 1788 3284 ,
1822 3214 1947 3268 aut
1973 3224 2133 3269 ma-

203 3307 362 3377 ter?
406 3301 764 3380 Nondum
800 3306 1174 3405 intelligis,
1214 3324 1572 3399 quantum
1608 3306 1775 3375 mali
1828 3322 2129 3399 optave-

205 3414 396 3487 rint?
422 3418 496 3487 O
524 3440 752 3510 quam
767 3418 1053 3489 inimica
1070 3414 1282 3489 nobis
1303 3432 1471 3485 sunt
1492 3436 1660 3486 vota
1678 3414 2125 3487 nostrorum!

205 3550 290 3597 eo
332 3526 690 3620 quidem
672 3527 1108 3651 inimiciora,
1150 3551 1334 3619 quo
1351 3549 1609 3598 cessere
1644 3525 1937 3599 felicius.
1978 3520 2127 3597 Iam

204 3652 356 3706 non
377 3636 731 3723 admiror,
781 3636 833 3707 si
861 3636 1104 3707 omnia
1131 3658 1261 3709 nos
1292 3660 1331 3705 a
1365 3636 1596 3729 Rrima
1622 3633 1921 3727 pueritia
1950 3637 2131 3707 mala

201 3762 644 3839 sequunturz
695 3747 878 3823 iuter
928 3744 1439 3817 exsecrationes
1472 3758 1855 3837 parentum
1902 3742 2129 3816 crevi-

202 3878 382 3928 mus.
451 3854 852 3929 Exaudiant
895 3878 1198 3951 quoque
1228 3852 1356 3926 Dii
1393 3871 1707 3927 nostram
1749 3880 1883 3952 pro
1921 3856 2130 3932 nobis

1089 4000 1139 4035 'N
