2809 4850
686 374 827 452 282
1068 375 1153 451 L.
1196 375 1646 453 ANNABI
1693 375 2230 454 SENECAE

610 577 614 593 ·
682 533 911 608 videri
948 538 1195 633 perire.
1234 539 1592 632 Mor-ieris,
1639 565 1794 616 non
1839 545 2010 638 quia
2053 559 2368 646 aegrotas
2401 593 2427 634 ,
2467 543 2608 616 sed

681 647 851 738 quia
877 646 1069 719 vivis.
1116 647 1251 718 Ista
1290 663 1367 719 te
1400 673 1510 722 res
1541 667 1614 722 et
1646 667 1975 724 sanatum
2019 670 2302 726 manet:
2353 675 2614 748 quum

676 757 1155 844 convalueri5‚
1178 775 1674 832 non·mortem
1692 811 1734 848 ,·
1749 763 1874 833 sed
1903 763 2384 836 valitudinem
2413 763 2608 836 effu·-

676 861 837 960 gies.
874 905 946 918 -
1002 864 1123 936 Ad
1154 864 1337 938 illud
1374 889 1572 941 nunc
1617 869 1992 962 proprium
2032 870 2604 944 incommodum

674 988 1134 1044 revertamur.
1172 973 1472 1072 Magnos
1507 977 1847 1050 cruciatus
1873 979 2088 1050 habet
2113 981 2429 1052 morbus.
2453 977 2603 1049 Sed

670 1077 809 1150 hoo
825 1080 1224 1177 tolerabiles
1244 1082 1604 1155 intervalla
1631 1084 1935 1172 faciunt3
1969 1110 2136 1158 nam
2161 1087 2430 1158 summi
2460 1086 2604 1157 do·-

670 1184 843 1257 loris
881 1185 1191 1260 intentio
1216 1189 1493 1264 invenit
1533 1191 1776 1265 finem.
1817 1193 2058 1264 Nemo
2095 1206 2338 1287 potest
2375 1192 2595 1264 valde

672 1287 917 1364 dolere
956 1309 1030 1368 et
1076 1295 1239 1370 diu:
1272 1298 1371 1370 sic
1413 1323 1546 1372 noa
1589 1301 2056 1374 amantissima
2083 1303 2312 1374 nostri
2334 1296 2603 1372 natura.

629 1399 1054 1495 disposuit,
1100 1421 1184 1477 ut
1223 1406 1550 1482 dolorem
1579 1427 1706 1482 aut
1737 1412 2221 1502 tolerabilem,
2263 1432 2396 1484 aut
2431 1413 2597 1482 bre-

666 1533 839 1584 vem
876 1513 1157 1588 faceret.
1200 1517 1505 1592 Maximi
1545 1522 1824 1595 dolores
1847 1524 1926 1596 in
1951 1524 2384 1610 macerrimis
2422 1545 2596 1595 con-

664 1620 923 1695 sistunt
956 1629 1269 1719 corporis
1305 1630 1660 1722 partibus:
1699 1633 1938 1722 nervi,
1980 1635 2416 1728 articulique
2437 1685 2462 1720 ,
2515 1647 2590 1703 et

666 1731 1041 1826 quidquid
1062 1737 1261 1810 aliud
1294 1740 1482 1811 exile
1515 1757 1661 1829 est,
1701 1742 2034 1816 acerrime
2063 1747 2319 1831 saevit,
2352 1765 2590 1836 quum

667 1838 749 1910 in
780 1857 939 1926 arto
962 1845 1131 1917 vitia
1168 1849 1526 1942 concepit.
1566 1847 1713 1920 Sed
1750 1849 1896 1922 cito
1925 1852 2057 1923 hae
2077 1869 2310 1945 partes
2339 1853 2614 1922 obstu-.

664 1968 971 2038 percunt
989 2004 1012 2041 ,
1038 1969 1113 2027 et
1138 1956 1293 2049 ipso
1322 1955 1574 2031 dolore
1593 1981 1872 2032 sensum
1904 1959 2166 2032 doloris
2199 1959 2584 2044 amittunt;

662 2057 813 2128 sive
857 2065 1029 2153 quia
1068 2064 1349 2157 spiritus
1370 2115 1395 2154 ‚
1447 2069 1744 2141 naturali
1799 2069 2203 2163 prohibitus
2247 2093 2464 2140 cursu
2509 2082 2583 2136 et

662 2181 983 2240 mutatus
1006 2170 1083 2248 in
1104 2173 1343 2266 peius,
1368 2175 1517 2247 vim
1541 2199 1742 2248 suam
1764 2225 1790 2264 ,
1822 2200 1964 2268 qua
1991 2176 2184 2276 viget
2205 2177 2586 2250 admonet·

662 2299 813 2366 que
857 2302 1031 2366 nos,
1081 2285 1366 2374 perdit3
1425 2285 1571 2357 sive
1621 2287 1791 2379 quia
1839 2305 2216 2382 corruptus
2265 2289 2578 2372 humor,

662 2393 899 2475 'quum
942 2387 1145 2463 desiit
1172 2391 1430 2465 habere
1463 2418 1614 2488 quo
1653 2393 2016 2487 confluat,
2054 2397 2206 2493 ipae
2233 2423 2306 2471 se
2335 2397 2575 2483 elidit3

660 2508 735 2561 et
759 2494 895 2582 his,
935 2520 1121 2587 quae
1146 2500 1355 2572 nimis
1392 2503 1702 2599 inplevit
1720 2555 1745 2594 ‚
1793 2506 2069 2580 excutit
2101 2532 2414 2583 sensum.
2463 2506 2576 2580 Sic

656 2597 973 2698 podagra
994 2622 1067 2675 et
1088 2609 1395 2707 chiragra
1415 2662 1444 2700 ‚
1485 2630 1558 2683 et
1585 2615 1818 2687 omnis
1845 2618 2332 2691 vertebrarum
2367 2619 2574 2691 dolor

654 2730 1193 2808 nervorumque
1218 2766 1243 2804 ‚
1294 2718 1778 2816 interquiescit
1801 2775 1830 2814 ‚
1889 2750 2122 2820 quum
2172 2728 2290 2800 illa
2308 2780 2334 2818 ,
2386 2753 2570 2823 quae

656 2820 1082 2911 torquebat,
1141 2825 1546 2903 hebetavit:
1601 2836 1936 2908 omnium
1985 2836 2281 2909 istorum
2344 2840 2570 2931 prima

654 2931 1079 3005 verminatio
1108 2956 1361 3029 vexat,
1388 2942 1703 3036 impetus
1726 2970 1929 3019 mora
1955 2949 2466 3049 exstinguitur3
2491 2964 2566 3020 et

656 3036 814 3109 finis
854 3040 1153 3116 dolendi
1180 3066 1282 3121 est
1305 3100 1329 3136 ,
1367 3052 1836 3147 obtorpuisse.
1877 3056 2272 3148 Dentium‚
2315 3063 2566 3133 oculo·-

652 3168 817 3217 rum
836 3200 859 3235 ,
882 3153 1163 3229 aurium
1192 3158 1406 3231 dolor
1430 3162 1530 3232 ob
1557 3162 1696 3235 hoc
1715 3165 1952 3259 ipsum
1975 3168 2410 3241 acutissimus
2437 3187 2559 3259 est,

651 3259 861 3349 quod
888 3261 1071 3336 inter
1091 3284 1381 3367 angusta
1409 3274 1720 3365 corporis
1741 3275 2048 3350 nascitur
2067 3304 2089 3365 3
2116 3303 2270 3353 non
2295 3281 2558 3370 minus,

648 3371 1125 3463 mehercules,
1165 3404 1385 3471 quam
1417 3382 1658 3476 capitis
1691 3385 1944 3479 ipsius:
1976 3388 2102 3461 sed
2125 3391 2180 3459 si
2205 3391 2558 3465 incitatior

646 3480 864 3566 est,in
880 3482 1375 3565 alienationem
1402 3514 1884 3587 soporemque
1907 3498 2369 3571 convertitur.
2395 3502 2554 3573 Hoc

644 3587 893 3683 itaque
936 3596 1265 3668 solatium
1310 3601 1486 3671 vasti
1527 3602 1791 3675 doloris
1825 3622 1926 3677 est
1948 3658 1973 3694 ,
2027 3605 2256 3701 quod¹
2277 3631 2554 3683 necesse

644 3712 749 3765 est
788 3700 1061 3778 desinas
1100 3708 1305 3781 illum
1346 3712 1645 3801 sentire,
1693 3713 1750 3783 si
1778 3717 1984 3789 nimis
2011 3719 2320 3793 senseris.
2360 3722 2546 3793 Illud

642 3820 883 3878 autem
920 3831 1064 3904 est,
1101 3818 1305 3911 quod
1328 3818 1668 3915 inperitos
1707 3825 1785 3897 in
1821 3827 2204 3903 vexatione
2239 3830 2548 3926 corporis
