2809 4850
511 857 546 910 Β

686 415 821 468 112
1038 387 1121 462 L.
1169 377 1626 462 ANNAE'I
1673 381 2222 459 SENECAE

675 549 815 622 bus
838 547 1013 620 suist
1066 548 1255 622 bene
1290 573 1363 619 se
1400 543 1604 619 dabit
1625 547 1718 616 in-
1728 559 2080 620 vetustate
2113 546 2260 640 ipsa
2288 544 2618 623 tristitia.

676 659 1078 734 Perseveret
1102 658 1328 730 modo
1354 659 1588 731 colere
1611 659 1992 746 virtutem,
2013 657 2392 752 perbibere
2411 657 2626 730 libe·

654 774 843 848 nlia
870 772 1135 852 studiaz
1182 795 1339 844 non
1382 771 1532 858 illa,
1581 767 1846 864 quibus
1872 767 2219 864 perfundi
2247 770 2407 840 satis
2443 789 2568 842 est
2587 821 2616 858 ,

674 887 801 962 sed
836 887 1049 976 haec,
1096 884 1363 979 quibus
1396 883 1778 982 tingendus
1803 883 2246 955 est-animus.
2297 882 2464 956 Hoc
2493 897 2618 954 est

676 999 1001 1073 discendi
1020 1016 1320 1092 ternpus.
1346 1035 1421 1052 -
1457 995 1665 1104 Quid
1693 995 1910 1094 ergo?
1937 993 2240 1090 aliquod
2267 1011 2407 1084 est,
2433 1017 2612 1089 quo

608 1187 615 1206 ,
674 1137 829 1187 non
854 1115 944 1184 sit
965 1111 1439 1184 discendum?
1472 1148 1544 1163 -
1581 1109 1916 1183 Minime!
1958 1109 2083 1182 sed
2111 1107 2614 1202 quemadmo-

675 1227 857 1298 dum
902 1225 1241 1297 omnibus
1286 1223 1486 1293 annis
1533 1220 1818 1293 studere
1864 1223 2252 1294 honesturn
2297 1235 2443 1308 est,
2495 1218 2614 1290 ita

676 1363 827 1410 non
874 1336 1213 1407 omnibus
1253 1333 1546 1405 institui.
1594 1333 1856 1428 Turpis
1895 1351 1967 1404 et
2011 1333 2310 1405 ridicula
2352 1357 2456 1402 res
2487 1342 2610 1402 est

677 1453 860 1522 elem
870 1431 1169 1529 eutarius
1186 1471 1402 1518 senex
1426 1475 1443 1517 ε
1477 1448 1721 1517 iuveni
1741 1447 2144 1542 parandum
2161 1497 2185 1534 ,
2211 1447 2364 1518 seni
2384 1461 2610 1519 uten-

677 1563 857 1637 dum
900 1578 1019 1634 est.
1061 1560 1291 1632 Facies
1338 1583 1505 1658 ergo
1541 1583 1692 1632 rem
1733 1561 2188 1632 utilissimam·
2211 1559 2349 1631 tibi
2371 1609 2396 1647 ,
2426 1559 2479 1629 si
2507 1561 2606 1630 il-

674 1677 834 1747 lurn
861 1671 1478 1768 quam'optirnum
1507 1669 1769 1743 feceris.
1804 1669 1998 1744 Haec
2015 1670 2218 1743 aiunt
2242 1671 2602 1744 beneficia

677 1809 821 1856 esse
848 1783 1251 1878 expetenda
1280 1781 1854 1875 tribuendaque,
1889 1805 2044 1855 non
2065 1781 2296 1859 ‚dubie
2321 1782 2602 1875 primae

676 1897 899 1984 sortis,
925 1920 1111 1988 quae
1136 1913 1282 1966 tarn
1314 1893 1480 1965 dare
1509 1893 1804 1988 prodest
1827 1917 2049 1988 quam
2075 1895 2411 1988 accipere.
2439 1893 2601 1966 De-

676 2007 905 2101 nique
934 2007 1113 2077 nihil
1148 2003 1250 2076 illi
1272 2005 1412 2092 iam
1457 2006 1660 2076 liberi
1704 2021 1840 2077 est:
1887 2005 2314 2101 spopondit!
2354 2005 2601 2076 minus

676 2137 921 2190 autern
950 2111 1161 2211 turpe
1187 2136 1288 2187 est
1328 2115 1693 2205 creditori,
1737 2143 1956 2212 quam
1981 2119 2129 2214 spei
2159 2118 2434 2208 bonae,
2469 2117 2602 2190 de-

676 2251 1008 2322 coquere.
1034 2226 1150 2296 Ad
1175 2226 1355 2297 illud
1381 2249 1494 2298 aes
1532 2227 1850 2299 alienum
1892 2227 2318 2314 solvendum
2341 2280 2364 2317 ,
2405 2253 2600 2322 opus

680 2357 783 2412 est
804 2336 1195 2437 negotianti
1218 2337 1664 2439 navigatione
1686 2365 2044 2437 prospera,
2071 2367 2316 2441 agrurn
2349 2343 2600 2414 colen-

675 2455 738 2526 ti
762 2454 1085 2525 ubertate
1115 2452 1263 2523 eius
1304 2478 1532 2545 quam
1555 2456 1728 2527 colit
1762 2473 1980 2529 terrae
2005 2509 2029 2545 ,
2070 2474 2144 2529 et
2176 2458 2357 2531 coeli
2389 2456 2600 2529 favo-

678 2552 787 2641 r‘e:
818 2568 963 2653 ille,
991 2565 1196 2659 quod
1220 2566 1476 2655 debet,
1511 2568 1654 2639 sola
1680 2584 1914 2663 potest
1934 2571 2309 2645 voluntate
2330 2572 2600 2669 persol-

678 2694 861 2751 vere.
897 2678 980 2749 In
1008 2702 1235 2748 mores
1260 2675 1546 2751 fortuna
1574 2682 1680 2751 ius
1705 2706 1855 2753 non
1882 2684 2118 2757 habet.
2163 2688 2314 2759 Hos
2353 2686 2598 2781 dispo-

680 2811 803 2865 nat
825 2846 847 2881 ,
875 2809 959 2863 ut
980 2817 1194 2886 quarn
1228 2796 1837 2902 tranquillissimus
1861 2798 1981 2870 ille
2005 2801 2282 2873 animus
2307 2800 2400 2872 ad
2427 2826 2600 2895 per·-

676 2906 1261 2997 fectumqenian
1315 2911 1445 3003 qui
1473 2934 1608 2982 nec
1648 2912 1970 2985 ablatum
2002 2913 2137 2985 sibi
2182 2916 2599 3010 quidquam

678 3019 931 3107 sentit,
977 3044 1111 3093 nec
1149 3022 1553 3125 adiectum,
1592 3025 1770 3097 sed
1751 3050 1827 3097 m
1858 3026 2115 3099 eodem
2144 3028 2396 3102 habitu
2431 3044 2536 3100 est
2563 3078 2595 3117 ,

682 3130 1421 3225 quomodocumque
1432 3160 1536 3209 res
1569 3137 1877 3225 cedunt;
1920 3164 2039 3212 cui
2059 3164 2206 3213 sive
2229 3140 2597 3239 adgerun-

678 3258 802 3313 tur
826 3244 1135 3339 vulgaria
1165 3242 1389 3333 bona,
1415 3270 1622 3342 supra
1644 3272 1748 3321 res
1770 3274 1924 3323 suas
1945 3252 2256 3333 εωὶιιεῑε
2285 3253 2434 3324 sive
2455 3252 2594 3323 ali-

682 3353 866 3449 quid
890 3379 980 3423 ex
1004 3356 1147 3425 istis
1174 3358 1290 3427 vel
1314 3360 1558 3431 omnia
1579 3386 1770 3435 casus
1797 3368 2135 3465 excussit,
2173 3368 2410 3439 minor
2429 3390 2592 3439 non

681 3471 786 3541 fit.
826 3464 943 3539 Si
928 3491 1000 3539 ιη
1021 3468 1297 3544 Parthia
1330 3488 1536 3545 natus
1569 3494 1782 3565 esset,
1809 3503 2054 3553 arcum
2091 3480 2318 3556 infans
2345 3481 2590 3555 statim

678 3582 1051 3672 tenderet,
1076 3582 1133 3655 si
1156 3585 1231 3655 in
1258 3586 1662 3679 Germania,
1685 3594 2011 3687 protinus
2033 3622 2216 3693 puer
2246 3613 2590 3671 tenerum

679 3693 929 3767 hastile
965 3697 1306 3770 vibraret·
1285 3750 1309 3787 ‚
1348 3701 1406 3771 si
1445 3726 1743 3776 avorum
1784 3725 2194 3787 nostrorum
2235 3712 2592 3807 tempori-

682 3806 821 3883 bus
842 3808 1083 3885 fuisset
1099 3865 1122 3903 ,
1167 3816 1522 3911 equitare,
1563 3835 1637 3890 et
1661 3820 1944 3899 hostem
1970 3824 2298 3901 corninus
2324 3848 2592 3923 percu-
