2809 4850
496 409 560 486 E
606 411 665 488 P
710 405 845 488 rs·
888 415 960 488 T
1010 415 1084 490 o
1135 417 1308 490 L‘A
1393 415 2151 529 Lxxx11.307

322 523 557 646 Faciet
582 592 822 648 autem
856 576 1039 650 illud
1073 577 1364 650 firmum
1400 580 1700 677 adsidue
1727 585 2100 662 meditatio
2120 641 2148 682 ,

216 681 279 754 si
306 706 461 788 non
502 684 721 757 verba
745 687 1183 776 exercueris,
1218 689 1347 760 sed
1389 689 1757 764 animum·
1736 741 1757 780 ,
1800 693 1855 764 si
1899 716 2149 779 contra

216 811 535 868 mortem
560 813 633 868 te
659 799 1207 892 praeparaveris,
1236 799 1566 872 adversus
1591 827 1810 894 quam
1835 827 1987 900 non
2017 833 2149 882 ex·

215 902 674 994 hortabitur,
704 927 840 979 nec
871 907 1255 998 mitella,
1254 909 1385 1004 qui
1411 912 1974 989 cavillationibus
2011 919 2145 993 tibi

214 997 643 1106 persuadere
680 1003 1101 1104 tentaverit,
1144 1037 1456 1091 mortem
1495 1016 1806 1094 malum
1795 1045 1946 1098 non
1980 1052 2144 1103 esse.
2226 1031 2248 1048 ⁸

215 1118 436 1190 Libet
460 1122 653 1192 enim
674 1172 699 1210 ,
729 1122 999 1211 Lucili,
1038 1125 1355 1196 virorum
1379 1125 1695 1221 optime,
1739 1131 2008 1204 ridere'
1988 1159 2146 1207 me·

209 1229 401 1324 ptias
449 1230 778 1319 Graecas3
838 1255 1013 1326 quas
1063 1233 1462 1324 nondum,
1489 1241 1816 1330 quamvis
1883 1245 2146 1334 mirer,

214 1339 514 1412 excussi.
550 1331 881 1412 Zenon
928 1357 1169 1414 noster
1208 1343 1341 1414 hac
1373 1347 1830 1420 conlectione
1875 1351 2136 1426 utitur.

206 1445 500 1519 Nullum
533 1449 775 1521 malum
801 1449 1159 1544 gloriosum
1194 1470 1331 1524 est,-
1379 1477 1556 1524 mors
1595 1471 1812 1526 autem
1848 1458 2144 1552 gloriosa

204 1575 358 1632 esu
384 1583 553 1630 more
586 1585 738 1655 ergo
766 1583 889 1630 non
920 1577 1017 1630 est
1041 1561 1306 1631 malum.
1352 1559 1748 1635 profecisti!
1801 1569 2142 1644 liberatus

206 1691 381 1740 sum
415 1684 618 1742 metu
640 1695 661 1757 3
691 1675 857 1765 post
875 1669 1050 1742 haec
1068 1691 1221 1744 non
1246 1669 1603 1744 dubitabo
1625 1672 1982 1775 'porrigere
2008 1704 2144 1753 cer-

206 1779 489 1852 vicem!
536 1779 708 1855 Non
742 1781 846 1854 vis
874 1779 1179 1854 severius
1207 1783 1460 1876 loqui,
1502 1805 1636 1854 nec
1665 1789 2018 1860 morituro
2045 1790 2145 1860 ri·
2203 1770 2214 1866 ⁸.

204 1911 379 1961 zum
412 1887 753 1963 movere?
780 1887 954 1987 Non
975 1888 1385 1961 mehercule
1411 1890 1614 1963 facile
1641 1892 1777 1965 tibi
1800 1893 2142 1990 dixerim,

205 2017 463 2074 utrum
494 1999 804 2096 ineptior
838 1997 1091 2087 fuerit,
1131 2001 1261 2094 qui
1300 2023 1374 2072 se
1408 2003 1540 2087 hac
1578 2005 2144 2104 interrogatione

204 2111 560 2191 iudicavit
593 2112 840 2184 mortis
862 2128 1144 2203 metum
1174 2112 1662 2210 exstinguere3
1690 2137 1782 2185 an
1818 2116 1948 2208 qui
1978 2117 2141 2207 hoe,

205 2235 587 2317 tamquam
616 2222 707 2293 ad
729 2245 877 2292 rem
905 2221 1332 2314 pertineret,
1384 2239 1683 2293 conatus
1709 2240 1811 2296 est
1839 2227 2143 2298 solvere.

202 2329 407 2408 Nam
452 2349 526 2405 et
568 2333 717 2429 ipse
760 2331 1391 2430 interrogationem
1440 2333 1860 2421 contrariam
1901 2357 2142 2431 oppo-

202 2441 403 2532 suit,
450 2466 540 2515 ex
583 2467 671 2515 eo
709 2457 995 2528 natam,
1042 2440 1246 2533 quod
1292 2460 1605 2513 mortem
1642 2441 1826 2514 inter
1861 2442 2142 2516 indiffe·
2205 2456 2217 2468 “

171 2554 438 2626 ·1entia
464 2553 832 2649 ponimus,
864 2574 1053 2645 quae
1070 2539 1397 2653 ἆδὶάφορα
1423 2550 1672 2625 Graeci
1700 2571 1980 2625 vocant.
2001 2552 2140 2624 Ni-

205 2660 357 2737 hil,
396 2660 674 2755 inquit,
720 2660 1094 2755 ind{fferens
1123 2664 1481 2754 gloriosum
1523 2680 1659 2733 est.-
1705 2688 1878 2734 mors
1920 2680 2138 2737 autem

194 2774 566 2867 gloriosum
600 2787 737 2839 est.-
792 2794 941 2867 ergo
982 2787 1151 2841 murs
1192 2797 1315 2843 non
1350 2790 1448 2843 est
1485 2772 1880 2867 indifferens.
1941 2775 2140 2846 Haec
2211 2802 2219 2809 ’

200 2879 675 2977 interrogatio
704 2878 900 2949 vides
930 2880 1053 2951 ubi
1088 2878 1410 2973 obrepat.
1449 2878 1646 2951 Mors
1673 2904 1826 2951 non
1856 2898 1959 2951 est
1981 2884 2142 2979 glo-

198 2988 427 3071 1iosa3
464 2984 743 3057 fortiter
765 2986 949 3057 mori
974 2986 1363 3083 gloriosum
1391 3004 1532 3057 este
1566 3000 1668 3072 et,
1687 3010 1921 3079 quum
1941 2988 2144 3080 dicit,

207 3098 603 3195 Indzfferens
646 3094 819 3167 nihil
844 3096 1202 3191 gloriosum
1247 3084 1385 3173 est.
1435 3093 1768 3169 concedo
1811 3096 1948 3167 tibi
1988 3096 2140 3190 ita,

206 3222 303 3277 ut
325 3204 594 3291 dicam,
626 3202 807 3274 nihil
836 3205 1227 3302 gloriosum
1254 3226 1437 3293 esse,
1476 3206 1608 3275 nisi
1635 3204 1816 3275 circa
1855 3204 2140 3278 indiffe-

206 3313 459 3389 tentia.
509 3314 920 3407 Tamquam
964 3312 1438 3385 indifferentia
1467 3338 1610 3385 esse
1636 3312 1800 3384 dico
1829 3312 1965 3413 (id
1991 3330 2096 3386 est
2115 3362 2142 3405 ,

204 3423 610 3509 necbona,
658 3444 795 3493 nec
822 3418 1065 3521 mala)
1116 3422 1497 3509 morbum,
1545 3420 1920 3509 dolorem,
1967 3446 2144 3515 pau-

206 3550 599 3630 pertatem,
650 3530 1030 3618 exsilium,
1082 3548 1414 3603 mortem.
1451 3530 1658 3602 Nihil
1697 3532 1960 3604 horum
2012 3552 2142 3627 pet

204 3668 289 3718 se
311 3645 713 3768 ‘gloriosum
753 3656 897 3729 est,
940 3641 1121 3713 nihil
1148 3656 1389 3713 tamen
1433 3642 1586 3711 sine
1613 3643 1764 3713 his·
1806 3642 2138 3715 laudatur

206 3753 412 3825 enim
461 3774 613 3823 non
648 3765 1115 3853 paupertas,
1104 3748 1229 3819 sed
1267 3771 1490 3841 quem
1533 3740 1686 3818 non
1739 3748 2136 3838 submittit,

202 3884 369 3941 non
410 3862 778 3966 incurvat,
836 3835 1169 3937 laudatur
1214 3878 1372 3937 non
1419 3858 1805 3954 exsilium,
1839 3858 1966 3935 sed
2009 3858 2138 3961 qui
