2809 4850
670 389 815 488 366
1064 377 1147 458 1.
1193 378 1640 460 ANNAEI
1687 377 2196 472 SENECAE

661 571 741 620 se
770 544 1143 630 dixerunt3
1174 543 1291 614 alii
1316 543 1604 614 studium
1627 544 2047 638 corrigendae
2073 545 2342 618 mentis.
2331 568 2350 584 ·
2371 567 2416 614 a
2441 537 2598 636 qui·

666 655 974 730 bundam
1028 654 1219 726 dicta
1264 669 1373 726 est
1415 655 1725 754 adpetitio
1775 671 1992 724 rectae
2042 655 2335 726 rationis.
2397 647 2598 726 Illud

667 766 865 862 quasi
888 763 1247 852 constitit,
1277 761 1605 858 aliquid
1585 781 1772 841 mter
1801 761 2339 857 Philosophiam
2365 778 2444 867 et
2465 761 2594 834 Sa·-

662 875 1011 972 pientiam
1056 873 1426 946 interesse.
1475 897 1718 966 neque
1755 873 1950 944 enim
1999 870 2149 942 fieri
2191 885 2470 964 potest,
2508 885 2596 944 ut

662 985 865 1058 idem
882 979 971 1056 sit
988 981 1199 1076 quod
1222 980 1656 1070 adfectatur,
1685 997 1760 1054 et
1779 977 1986 1076 quod
2011 972 2346 1050 adfectat.
2375 981 2594 1086 Quo-

660 1093 897 1170 modo
922 1089 1282 1165 multum
1262 1108 1448 1164 mtet
1469 1090 1834 1164 avaritiam
1852 1103 1928 1164 et
1959 1089 2348 1185 pecuniam
2373 1089 2596 1160 inter-

658 1221 807 1296 est,
834 1227 1067 1300 quum
1090 1204 1207 1276 illa
1230 1203 1520 1298 cupiat,
1543 1204 1716 1276 haec
1741 1201 2332 1294 concupiscam-3
2363 1200 2462 1272 sic
2480 1201 2589 1272 in-

658 1333 773 1392 ter
792 1316 1322 1412 philosophiam
1352 1332 1426 1387 et
1463 1315 1906 1410 sapientiam.
1939 1313 2136 1386 Haec
2169 1314 2372 1384 enim
2401 1312 2590 1384 illius

660 1427 951 1502 effectus
970 1443 1045 1506 et
1060 1426 1461 1522 praemium
1489 1439 1628 1511 est,
1661 1425 1780 1496 illa
1805 1423 2054 1513 venit,
2077 1423 2170 1494 ad
2200 1425 2392 1494 hanc
2419 1423 2586 1494 itur.

658 1543 999 1640 Sapientia
1044 1555 1149 1610 est
1170 1589 1193 1626 ‚
1240 1562 1464 1632 quam
1513 1537 1760 1609 Graeci
1793 1525 2022 1627 σοφία
2065 1551 2352 1607 vocant.
2424 1527 2588 1606 Hoc
2651 1520 2677 1540 ⁹

658 1649 885 1721 verbo
922 1646 1229 1720 Romani
1276 1668 1600 1752 quoque
1627 1645 2056 1734 utebantur,
2093 1644 2278 1722 sieut
2302 1641 2596 1744 philoso-

652 1759 817 1862 plaia
836 1781 1033 1830 nunc
1067 1779 1371 1851 quoque
1402 1769 1732 1828 utuntur.
1773 1753 2010 1861 Quod
2035 1769 2110 1827 et
2136 1771 2426 1853 togatae
2451 1753 2590 1828 tibi

656 1865 998 1960 antiquae
1032 1865 1454 1960 probabunt
1471 1913 1498 1956 ,
1533 1881 1608 1936 et
1633 1863 2010 2000 inscriptus
2030 1861 2389 1984 Dossenni
2425 1887 2590 1936 mo-

658 1995 1017 2050 numento
1042 1977 1333 2048 titulus.

755 2087 1005 2186 Hospes
1037 2089 1297 2161 resiste
1330 2102 1395 2156 et
1415 2077 1706 2185 sophiam
1735 2082 2061 2156 Dossenni
2087 2083 2246 2176 Iege.

658 2197 987 2319 Quidam
1004 2221 1097 2268 ex
1112 2196 1397 2282 nostris,
1435 2196 1759 2289 quamvis
1785 2195 2062 2288 philoso
2250 2192 2591 2268 studium

658 2305 941 2406 vertutis
964 2322 1177 2395 esset,
1219 2319 1295 2376 et
1325 2305 1498 2376 haec
1525 2319 1922 2398 peteretur,
1965 2303 2084 2374 illa
2171 2319 2402 2376 eteret
2419 2355 2444 2392 ,
2485 2322 2594 2374 ta-

656 2441 832 2493 men
858 2440 1009 2489 non
1034 2431 1469 2511 putaverunt
1491 2414 1640 2485 illas
1661 2411 1946 2485 distrahi
1973 2438 2212 2541 posse.
2246 2438 2422 2487 nam
2447 2440 2588 2489 nec

654 2526 1109 2621 philosophia
1132 2526 1281 2597 sine
1306 2526 1570 2597 virtute
1597 2542 1736 2613 est,
1779 2550 1915 2599 nec
1943 2528 2093 2597 sine
2121 2526 2588 2621 philosophia
2709 2578 2718 2587 ·

653 2634 875 2707 virtus
910 2649 1035 2703 est.
1076 2632 1536 2726 Philosophia
1573 2634 1898 2705 studium
1929 2632 2206 2705 virtutis
2257 2650 2366 2705 at
2385 2686 2414 2721 ‚
2460 2636 2588 2707 sed

652 2768 785 2843 pet
826 2743 1053 2838 ipsam
1094 2743 1472 2831 virtutem3
1518 2766 1652 2813 nec
1695 2744 1918 2815 virtus
1957 2763 2204 2815 autem
2245 2770 2394 2817 esse
2435 2746 2592 2817 sine

652 2851 897 2925 studio
920 2852 1029 2923 sui
1066 2868 1303 2947 potest
1322 2902 1347 2940 ‚
1394 2876 1530 2925 nec
1557 2853 1836 2925 virtutis
1871 2853 2196 2927 studium
2233 2856 2390 2927 sine
2419 2858 2588 2953 ipsa.

653 2962 835 3037 Non
876 2962 1072 3035 enim
1094 3012 1120 3049 ‚
1172 2962 1800 3054 quemadmodum
1841 2963 1918 3035 in
1953 2964 2058 3035 his
2077 3014 2102 3052 ‚
2143 2965 2276 3058 qui
2299 2966 2594 3061 aliquid

654 3098 753 3145 ex
778 3072 1065 3147 distanti
1092 3074 1257 3145 loco
1284 3072 1490 3145 ferire
1529 3091 1920 3161 conantur,
1961 3073 2134 3145 alibi
2161 3088 2266 3147 est
2291 3077 2434 3171 qui
2455 3098 2594 3173 pe·-

654 3184 785 3271 tit,
813 3183 989 3257 alibi
1012 3183 1221 3276 quod
1247 3184 1554 3278 petitum
1595 3208 1732 3257 nec
1752 3234 1778 3271 ‚
1805 3182 2444 3278 quemadmodum
2467 3191 2594 3261 iti-

650 3314 821 3365 nera
838 3340 859 3378 ,
892 3315 1080 3385 quae
1106 3292 1201 3363 ad
1232 3292 1442 3365 urbes
1459 3292 1878 3387 perducunt
1899 3342 1926 3382 ‚
1961 3310 2162 3367 extra
2186 3295 2368 3391 ipsas
2389 3316 2590 3392 sunt.

651 3398 773 3475 Ad
812 3400 1155 3473 virtutem
1190 3402 1478 3475 venitur
1501 3426 1626 3495 per
1664 3403 1912 3497 ipsam.
1959 3402 2365 3477 Cohaerent
2409 3429 2591 3507 ergo

650 3511 841 3584 inter
862 3536 935 3583 se
959 3510 1414 3607 Philosophia
1443 3512 1848 3607 Virtusque.

569 3712 573 3719 ι
746 3622 1197 3723 Philosophiae
1216 3640 1353 3695 tres
1372 3642 1596 3722 partes
1625 3646 1768 3697 esse
1797 3624 2142 3699 dixerunt
2167 3641 2238 3698 et
2269 3628 2588 3699 maximi

652 3732 1039 3824 etplurimi
1072 3748 1431 3805 auctores:
1477 3734 1828 3820 Moralem.
1867 3732 2304 3816 Natus-alem.
2328 3753 2409 3809 et
2427 3738 2586 3809 Ra·-

652 3838 975 3914 tionalem.
1020 3838 1255 3916 Prima
1296 3841 1648 3951 eonponit
1679 3839 2048 3938 animum3
2101 3844 2414 3919 secunda
2449 3866 2582 3919 re·
