2809 4850
2547 321 2598 364 l

706 407 853 489 3¹4
1088 377 1670 458 L’ANNAEI
1713 375 2237 456 SENECAE

702 541 1007 631 scend03
1042 561 1177 616 nec
1198 543 1514 642 ignoras,
1543 523 1822 638 ouante
1848 567 1944 616 ex
1970 543 2080 616 his
2103 546 2430 620 velocius
2457 551 2638 624 alte-

702 679 865 728 rum
899 653 1037 726 fiat.
1094 653 1448 726 Mentitus
1477 677 1638 726 sum
1661 683 1679 724 ε
1728 654 1872 726 iam
1917 655 2114 758 enim
2162 661 2349 730 aetas
2393 678 2634 735 nostra

701 785 856 839 non
896 761 1297 852 descendit,
1346 761 1476 836 sed
1501 762 1714 836 cadit.
1765 765 2190 868 Quomodo>
2208 782 2464 840 tamen
2493 762 2634 842 hoss-

700 871 1035 946 diemum
1058 889 1422 948 certamen
1456 875 1666 948 nobis
1689 873 2010 963 cesserit5
2051 877 2380 969 quaeris?
2425 877 2632 972 quod

698 1003 859 1059 raro
874 983 1271 1056 cursoribus
1294 985 1572 1073 evenit,
1599 984 1841 1060 hieran
1875 985 2194 1058 fecimus.
2220 985 2345 1057 Ab
2373 987 2507 1058 hac
2529 987 2630 1058 fa·-

696 1089 1045 1187 tigatione
1066 1091 1320 1189 magis,
1348 1117 1570 1187 quam
1597 1095 2104 1167 exercitatione
2136 1145 2161 1184 ,
2185 1093 2268 1166 in
2287 1093 2626 1196 frigidam

700 1197 1069 1272 descendi:
1110 1201 1249 1274 hoc
1268 1201 1465 1295 apud
1483 1225 1600 1274 me
1627 1217 1926 1278 vocatur
1949 1229 2208 1299 parum
2233 1205 2467 1278 calda.
2493 1208 2629 1281 Iun

698 1323 943 1378 tantus
969 1308 1498 1404 Psychrolutes‚
1529 1312 1655 1404 qui
1693 1311 2023 1386 Kalendis
2055 1315 2395 1386 Ianuariis
2429 1315 2626 1387 Euri·

695 1439 881 1508 pum
926 1417 1356 1505 salutabam,
1406 1421 1540 1514 qui
1586 1445 1780 1493 anno
1836 1445 2032 1495 novo
2055 1475 2080 1512 ,
2137 1425 2620 1518 quemadmo-

698 1526 885 1598 dum
928 1530 1197 1626 legere‚
1230 1529 1567 1619 scribere,
1615 1532 1849 1604 dicere
1881 1533 2204 1627 aliquid,
2243 1536 2340 1608 sic
2387 1540 2619 1630 auspi-

694 1631 904 1705 cabar
938 1634 1015 1706 in
1037 1635 1410 1736 Virginem
1456 1637 1732 1712 desilire
1752 1692 1776 1728 ,
1812 1642 2129 1738 primum
2167 1642 2261 1714 ad
2289 1645 2618 1730 Tiberim

696 1745 1021 1816 transtuli
1064 1761 1318 1834 castra,
1382 1747 1646 1819 deinde
1669 1749 1784 1820 ad
1829 1747 1969 1822 hoc
2007 1752 2272 1824 solium
2297 1804 2318 1840 ,
2363 1757 2574 1846 quod
2594 1805 2618 1843 ,

603 1907 627 1942 x
696 1874 933 1942 quum
960 1850 1369 1928 fortissimus
1394 1879 1592 1943 sum,
1619 1873 1692 1929 et
1717 1862 1958 1930 omnia
1993 1859 2186 1936 bona
2211 1862 2358 1933 fide
2391 1863 2610 1954 fiunt,

696 1957 804 2028 sol
832 1974 1203 2052 temperat.
1260 1961 1430 2034 Non
1459 1969 1781 2038 multum
1805 1966 2103 2064 mihi-ad
2133 1970 2486 2061 balneum
2507 1999 2620 2046 su-

694 2090 949 2162 perest.
980 2073 1187 2144 Panis
1216 2071 1481 2148 deinde
1507 2076 1766 2165 siccus,
1814 2094 1888 2153 et
1920 2081 2070 2152 sine
2105 2107 2350 2156 mensa
2397 2091 2615 2179 pran-

692 2177 938 2269 dium,
969 2199 1135 2275 post
1151 2184 1360 2277 quod
1384 2209 1537 2257 non
1563 2204 1732 2260 sunt
1765 2190 2106 2263 lavandae
2127 2217 2402 2268 manus.
2438 2195 2620 2267 Dor·

696 2290 851 2360 mio
870 2287 1276 2364 minimum.
1304 2291 1924 2371 Consuetudinem
1949 2317 2184 2374 meam
2203 2304 2394 2379 nosti
2420 2331 2439 2375 ι
2463 2305 2616 2376 bre-

692 2399 978 2475 vissimo
1006 2426 1261 2477 somno
1288 2421 1454 2477 utor
1473 2458 1496 2497 ,
1519 2422 1595 2480 et
1619 2410 1823 2503 quasi
1839 2411 2274 2513 interiungo.
2303 2413 2484 2488 Satis
2509 2434 2610 2489 est

692 2510 897 2598 mihi,
918 2513 1203 2609 vigilare
1216 2513 1528 2603 desiisse3
1556 2518 1954 2613 aliquando
1975 2521 2316 2597 dormisse
2344 2550 2470 2599 me
2491 2549 2614 2600 ne·

686 2616 861 2701 scio,
894 2618 1280 2711 aliquando
1304 2623 1640 2719 suspicor.
1682 2668 1754 2683 --
1797 2630 1982 2706 Ecce
2004 2632 2450 2739 Circensium
2483 2640 2633 2712 ob·'

687 2728 937 2821 strepit
962 2729 1267 2817 clamor}
1310 2734 1544 2808 subita
1577 2737 1820 2833 aliqua
1847 2760 1920 2815 et
1951 2745 2273 2819 universa
2300 2746 2484 2821 vo'ce
2511 2750 2614 2823 fe·

685 2836 971 2909 riuntur
992 2864 1191 2913 aures
1212 2867 1416 2915 meae
1435 2862 1482 2935 ,'
1505 2868 1640 2921 nec
1666 2852 2171 2951 cogitationem
2205 2879 2445 2931 meam
2485 2884 2611 2934 ex-

688 2946 1015 3033 cutiunt,
1064 2970 1199 3021 nec
1244 2949 1780 3051 interrumpunt
1819 2958 2142 3051 quidem.
2207 2961 2612 3039 Fremitum

685 3052 1189 3146 patientissime
1211 3054 1363 3129 feto
1375 3053 1410 3147 ς’
1425 3064 1696 3136 multae
1711 3089 1918 3141 voces
1935 3118 1960 3158 ,
1987 3086 2061 3141 et
2083 3068 2160 3143 in
2183 3094 2420 3145 unum
2434 3097 2611 3147 con-

682 3160 879 3235 fusae
898 3212 921 3250 ,
957 3188 1095 3257 pro
1123 3163 1355 3248 fluctu
1378 3170 1560 3241 mihi
1583 3191 1752 3246 sunt
1771 3194 1897 3249 aut
1911 3196 2140 3253 vento
2163 3180 2418 3254 silvam
2457 3208 2613 3258 ver·

683 3270 1015 3361 beranoe,
1044 3289 1120 3345 et
1146 3276 1389 3351 ceteris
1410 3280 1560 3353 sine
1585 3283 1957 3361 intellectu
1985 3292 2438 3366 sonantibus.·

782 3382 987 3487 Quid
1013 3408 1181 3484 ergo
1214 3407 1356 3481 est,
1402 3416 1602 3467 nunc
1643 3397 1764 3474 cui
1805 3400 2132 3475 animum
2157 3390 2609 3480 adiecerim?

682 3485 960 3565 Dicam.
986 3489 1321 3591 Superest
1345 3523 1436 3573 ex
1455 3504 1787 3579 hesterno
1818 3510 1998 3583 mihi
2019 3514 2380 3611 cogitatio,
2419 3516 2608 3611 quid

679 3598 815 3669 sibi
842 3604 1201 3677 voluerint
1228 3608 1764 3701 prudentissimi
1790 3615 1922 3689 viri
1941 3670 1964 3708 ‚
2008 3620 2138 3713 qui
2170 3646 2411 3696 rerum
2447 3648 2612 3697 ma-

679 3706 1035 3784 ximarum
1076 3715 1534 3809 proba-tiones
1573 3723 1942 3799 levissimas
1987 3744 2062 3800 et
2094 3734 2466 3829 perplexas
2498 3736 2615 3806 fe·-
2685 3728 2688 3731 ’

680 3838 975 3909 cerunt3
1026 3848 1257 3918 quaet,
1282 3846 1372 3902 ut
1390 3822 1544 3907 sint·
1555 3856 1799 3929 verae,
1839 3838 2218 3919 mendacio
2243 3858 2490 3919 tamen
2515 3845 2612 3917 siv
