2809 4850
392 341 1854 462 ‘EPISTOLA'XLVIL
2017 415 2159 492 ις,

223 550 887 662 Quemadmodum
914 553 1173 626 stultus
1214 569 1359 642 est,
1404 556 1572 648 qui,
1607 557 1886 648 equum
1913 541 2170 626 emta?

222 689 388 752 tm,
427 688 581 736 non
606 664 846 758 ipsum
868 664 1151 757 inspicit
1172 715 1195 752 ,
1240 665 1365 737 sed
1390 682 1690 738 stratum
1725 665 1875 736 eius
1901 688 1982 735 ac
2009 663 2152 736 fte-

226 793 402 844 nos:
430 773 527 845 sic
551 771 991 844 stultissimus
1016 789 1121 842 est
1137 822 1160 859 ,
1196 775 1324 868 qui
1350 772 1723 845 hominem
1749 787 1876 844 aut
1907 797 1998 846 ex
2023 797 2152 847 ve·

226 896 377 966 ste,
422 896 549 952 aut
591 904 685 952 ex
712 877 1175 968 conditione,
1218 905 1406 974 quae
1431 880 1640 952 vestis
1677 879 1909 953 modo
1935 881 2150 953 nobis

230 987 677 1060 circumdata
699 1003 833 1072 est,
864 989 1199 1060 aestimat.
1250 984 1504 1060 Servus
1529 987 1672 1060 est!
1715 986 1842 1059 sed
1865 987 2150 1060 fortasse

229 1094 423 1166 liber
446 1097 711 1168 animo.
762 1094 1015 1166 Servus
1045 1096 1190 1169 est!
1232 1097 1372 1168 hoc
1406 1096 1510 1167 issi
1547 1097 1890 1170 nocebit?
1916 1113 2178 1178 ostem,

234 1203 335 1276 de
358 1205 521 1298 quis
552 1227 707 1276 non
732 1205 839 1276 sit.
874 1203 1072 1282 ΑΜ
1109 1205 1391 1280 libidini
1426 1185 1677 1292 ssrvst,
1713 1208 1888 1298 alius
1927 1206 2152 1278 avari-'-

234 1312 378 1383 tiae
397 1364 422 1401 ,
448 1313 622 1384 alius
640 1313 1055 1400 ambitioni3
1086 1339 1332 1410 omnes
1360 1317 1620 1387 timori.
1648 1315 1866 1386 Dabo
1885 1337 2150 1387 consu·-

230 1424 459 1498 larem
486 1421 804 1496 aniculae
840 1423 1304 1510 servientem3
1340 1423 1934 1498 dabo.ancillulae
1965 1422 2152 1494 divi-

234 1549 435 1617 tem3
504 1529 873 1602 ostendam
928 1531 1401 1606 nobilissimos
1451 1533 1742 1606 iuvenes
1797 1530 2152 1626 mancipia

234 1639 878 1734 pa‘n'toiuimotum.
906 1639 1123 1710 Nulla
1144 1641 1436 1711 servitus
1460 1641 1738 1732 turpior
1752 1656 1854 1710 est
1871 1661 2148 1732 {quam
2251 1703 2258 1710 .

234 1746 656 1822 voluntaria.
701 1748 942 1853 Quare
986 1769 1139 1818 non
1178 1764 1279 1820 est
1305 1747 1514 1840 quod
1552 1745 1886 1832 fastidiosi
1931 1746 2044 1818 isti
2067 1729 2151 1818 ‘te

242 1855 683 1948 deterreant,
710 1883 865 1957 quo
896 1859 1129 1931 minus
1146 1860 1353 1930 nervis
1378 1857 1516 1928 tuis
1536 1857 1830 1928 hilarem
1855 1871 1932 1926 te
1953 1877 2157 1950 prae-

234 1985 415 2056 stes,
452 1985 527 2047 et
563 1991 714 2038 non
754 1965 1062 2060 superbe
1100 1964 1562 2061 superiorem.
1610 1961 1870 2036 Colant
1912 1959 2159 2056 potius

234 2090 353 2164 te,
380 2099 604 2168 quam
629 2088 949 2144 timeant.
2135 2132 2150 2142 .

336 2179 551 2256 Dicet
590 2204 787 2254 nunc
818 2180 1110 2274 aliquis,
1150 2203 1270 2252 me
1298 2199 1554 2252 vocare
1591 2177 1684 2250 ad
1711 2176 1983 2274 pileum
2011 2201 2154 2248 eer-

240 2315 408 2380 νοο,
440 2308 515 2362 et
536 2290 869 2364 dominos
888 2291 980 2361 de
1000 2285 1271 2386 fastigio
1298 2281 1426 2360 suo
1452 2288 1782 2376 deiicere,
1812 2287 2019 2382 quod
2046 2287 2154 2358 di·

240 2401 355 2489 xi,
391 2402 629 2474 colant
658 2402 901 2498 potius
924 2399 1347 2487 dominum,
1385 2421 1606 2492 quam
1639 2399 1976 2487 timeant3
2009 2396 2154 2485 ita,

236 2512 543 2606 inquam
565 2562 588 2599 ,
630 2535 911 2606 prorsus
938 2510 1177 2585 colant
1207 2526 1580 2605 tamquam
1613 2510 1946 2606 clientes,
1969 2526 2152 2583 tam-

242 2648 465 2721 quam
504 2626 931 2699 salutatores.
968 2662 1045 2681 -··
1104 2622 1267 2703 Hoc
1292 2622 1424 2716 qui
1449 2621 1709 2695 dixerit
1728 2672 1755 2710 ,
1781 2622 2154 2711 oblivisce-

242 2750 364 2807 tur
380 2785 407 2822 ‚
446 2732 525 2805 id
547 2732 855 2809 dominis
877 2757 1133 2839 pagum
1158 2756 1313 2806 non
1346 2756 1489 2805 esse
1510 2782 1534 2821 ,
1561 2731 1774 2827 quod
1811 2731 1974 2805 Deo
1995 2730 2158 2803 uatis

248 2858 389 2933 est„
416 2842 549 2935 qui
573 2844 834 2915 colitur
855 2859 929 2916 et
958 2860 1251 2915 amatur.
1267 2840 1453 2912 ‘Non
1483 2856 1718 2934 potest
1741 2848 1944 2913 amor
1977 2862 2152 2915 cum

246 2952 505 3025 timore
534 2952 822 3027 misceri.
854 2949 1263 3025 Rectissime
1288 2972 1456 3047 ergo
1499 2964 1571 3019 te
1599 2946 1826 3021 facere
1863 2945 2108 3017 iudico
2123 2995 2148 3035 ‚

245 3060 455 3157 quod
492 3060 727 3135 timeti
766 3086 807 3131 a
848 3058 1057 3132 servis
1097 3056 1237 3129 tuis
1268 3080 1421 3131 non
1464 3057 1568 3127 vin
1587 3104 1614 3145 ‚
1656 3052 1862 3149 quod
1890 3053 2156 3129 verbo·
2217 3134 2242 3153 .

243 3200 409 3249 tum
435 3167 887 3273 castigatione
920 3171 1165 3244 meris.-
1199 3167 1632 3246 Verberibus
1669 3184 1870 3241 muta
1895 3167 2153 3240 admo-

245 3297 531 3356 nentur.
572 3281 743 3353 Non
762 3330 786 3370 ,
830 3279 1197 3375 quidquid
1228 3299 1360 3351 nos
1390 3274 1736 3364 offendit,
1781 3289 1857 3349 et
1893 3276 2153 3349 laedit:
2259 3350 2264 3361 ,

246 3391 373 3465 sed
414 3391 507 3463 ad
546 3389 815 3463 rabiem
862 3413 993 3463 nos
1034 3404 1305 3487 cogunt
1345 3386 1586 3461 venire
1636 3385 1928 3460 deliciae
1949 3434 1974 3474 ‚
2024 3403 2110 3457 ut
2129 3432 2156 3470 ,

246 3502 619 3599 quidquid
646 3526 797 3575 non
819 3514 916 3575 ex·
938 3502 1305 3581 voluntate
1328 3497 1694 3591 respondit
1717 3547 1740 3586 ,
1783 3495 1960 3571 iram
1986 3518 2160 3567 evo·

250 3630 385 3689 cet.
412 3614 693 3714 Regum
720 3614 925 3687 nobis
942 3612 1305 3685 induimus
1322 3610 1627 3685 animosa
1655 3626 1826 3679 nam
1850 3604 1952 3690 ini
1977 3627 2162 3697 quo·

248 3750 445 3824 que3
494 3728 707 3800 obliti
756 3742 831 3799 et
885 3726 1145 3799 virium
1197 3748 1480 3797 suarum
1497 3770 1524 3811 ‚
1580 3741 1652 3795 et
1691 3717 2161 3793 inbecillitatis

244 3835 520 3909 alienae
539 3886 564 3929 ,
592 3836 691 3909 sic
714 3834 1279 3923 excandescunt,
1313 3833 1420 3907 sic
1441 3830 1766 3905 saeviunt
1782 3880 1808 3925 ,
1831 3828 2028 3927 quasi
2051 3828 2160 3899 in·
