2809 4850
682 379 820 457 ηε
1060 373 1143 448 ι,
1186 315 1638 444 ΑΝΝΑΕῙ
1687 361 2222 451 εΕΝΕεΑΕ

674 559 749 616 et
774 556 846 612 te
870 559 1023 610 non
1046 518 1309 630 pedem
1336 531 1484 603 eius
1505 549 1748 602 tenere
1763 581 1786 617 ,
1819 528 1947 600 sed
1977 525 2347 621 pennam?
2379 523 2622 614 Merr-

670 653 844 726 titus
868 673 1061 721 sum:
1090 645 1339 738 pluma
1358 639 1773 724 tenebatu13
1808 661 2024 730 quam
2053 631 2356 724 remisit,
2381 653 2460 708 et
2489 635 2626 708 fiz-

671 763 793 862 git.
827 757 972 832 Scis
996 779 1181 850 quos
1204 766 1449 847 postea
1475 749 1610 822 tibi
1637 746 2045 820 exhibuerit
2071 745 2286 818 ludos
2303 796 2326 832 ,
2361 769 2618 838 quam

671 869 901 944 multa
928 867 1007 937 in
1024 877 1243 957 caput
1263 883 1475 932 suum
1499 881 1734 930 casura
1750 855 2186 930 tentaverit?
2209 855 2280 926 N
2281 879 2382 928 on
2403 854 2624 926 vide-

669 977 837 1064 bat,
858 997 931 1046 se
955 995 1080 1067 per
1106 970 1412 1040 aliorum
1433 967 1748 1061 pericula
1777 965 1854 1036 in
1897 989 2110 1038 suum
2139 985 2382 1036 ruere:
2429 987 2608 1035 non

668 1084 1031 1184 cogitabat
1054 1103 1277 1176 quam
1302 1101 1600 1150 onerosa
1627 1091 1855 1148 essent
1889 1097 2075 1170 quae
2097 1074 2437 1176 petebat,
2479 1087 2607 1146 et-

669 1193 869 1268 iamsi
894 1189 1323 1285 superuacua
1344 1207 1498 1258 non
1523 1203 1770 1256 essent.
1985 1259 1992 1264 ,
2214 1211 2220 1216 ·

771 1303 935 1375 Hoc
956 1301 1203 1392 itaque
1234 1297 1310 1366 in
1338 1295 1485 1382 his,
1531 1318 1714 1388 quae
1753 1291 2224 1380 adfectamus,
2271 1291 2362 1366 ad
2397 1316 2600 1388 quae

669 1415 919 1492 labore
944 1435 1203 1510 magno
1230 1399 1774 1492 contendimus,
1816 1404 2160 1499 inspicere
2187 1405 2596 1496 debemus‘,

670 1539 801 1598 aut
830 1522 1009 1594 nihil
1042 1522 1118 1590 in
1158 1515 1290 1590 illis
1332 1515 1705 1590 commodi
1733 1538 1922 1600 esse,
1963 1531 2087 1588 aut
2117 1515 2276 1608 plus
2305 1515 2613 1600 incoms

670 1633 894 1710 modi.
918 1627 1295 1738 Quaedam
1328 1647 1759 1723 supervacua
1779 1639 1994 1723 suntj
2021 1625 2376 1719 quaedam
2403 1625 2598 1700 tanti

668 1767 829 1818 non
854 1752 1039 1812 sunt.
1078 1736 1223 1812 Sed
1242 1739 1591 1810 haec-non
1616 1734 2078 1832 providemus
2107 1761 2130 1806 s
2185 1753 2258 1808 et
2283 1741 2596 1841 gratuita

576 1863 589 1877 ’
668 1849 881 1933 nobis
898 1848 1236 1922 videntur
1252 1897 1276 1935 ,
1302 1869 1490 1940 quae
1513 1843 1856 1918 carissime
1877 1859 2227 1917 constant.
2250 1845 2356 1939 Er}
2383 1873 2472 1918 eo
2499 1847 2614 1920 Η·-

670 1977 787 2036 cet
810 1975 1063 2055 stupor
1081 1975 1323 2030 noster
1346 1957 1678 2053 adpareat
1697 2006 1720 2042 ‚
1747 1953 1952 2050 quod
1976 1979 2057 2028 ea
2079 1957 2224 2026 sola
2240 1968 2589 2052 putamus

672 2072 852 2158 emi,
884 2093 1019 2164 pro
1048 2068 1311 2163 quibus
1346 2068 1728 2162 pecuniam
1763 2065 2142 2146 solvimus;
2189 2085 2263 2140 et
2283 2071 2598 2168 gratuita

667 2202 1033 2265 vocamus,
1054 2201 1187 2271 pro
1206 2176 1475 2270 quibus
1497 2176 1826 2270 nosipsos
1843 2165 2326 2270 inpendimus.
2371 2179 2594 2288 Quae

670 2314 908 2364 emere
946 2291 1337 2376 nollemus,
1380 2287 1440 2360 si
1465 2287 1726 2360 domus
1766 2287 1973 2360 nobis
1997 2304 2238 2360 nostra
2283 2313 2416 2382 pto
2448 2292 2592 2364 illis

668 2418 846 2477 esset
866 2397 1102 2473 danda
1124 2450 1149 2488 ‚
1189 2399 1243 2469 si
1283 2419 1672 2484 amoenum
1707 2396 2010 2493 aliquod
2041 2395 2612 2476 fructuosumve=

660 2508 1077 2615 praedium3
1108 2508 1199 2579 ad
1226 2532 1307 2579 ea
1328 2506 1738 2603 paratissimi
1759 2518 2003 2577 sumus
2025 2508 2392 2600 pervenire
2409 2532 2594 2583 cum

666 2620 1181 2709 sollicitudine,
1228 2644 1398 2693 cum
1443 2620 1803 2713 pericu10‚
1841 2642 2009 2691 cum
2039 2624 2298 2692 iactura
2337 2622 2596 2716 pudo·

666 2730 799 2821 ris,
826 2746 901 2803 et
925 2732 1259 2805 libertatis
1283 2782 1307 2820 ‚
1346 2748 1426 2803 et
1446 2730 1808 2824 temporis.
1837 2730 2046 2801 Adeo
2074 2718 2254 2803 nihil
2285 2747 2391 2803 est
2413 2731 2592 2803 -c‘ui-

666 2865 817 2951 que
840 2864 911 2913 se
950 2830 1193 2913 vilius!
1242 2841 1450 2914 Idem
1483 2839 1724 2932 itaque
1759 2840 1835 2911 in
1875 2842 2220 2911 omnibus
2271 2842 2594 2915 consiliis

663 2950 1025 3044 rebusque
1058 2950 1391 3022 faciamus
1414 3000 1440 3041 ‚
1473 2949 1680 3045 quod
1725 2951 2035 3021 solemus
2077 2949 2347 3040 facere,
2391 2972 2592 3045 quo-

664 3059 849 3133 tiens
880 3058 971 3131 ad
996 3059 1395 3131 institorem
1418 3060 1709 3135 alicuius
1734 3058 1982 3131 mercis
2003 3059 2415 3133 accessimus
2429 3055 2592 3132 z'vi..

666 3169 1003 3260 deamus,
1035 3170 1211 3259 hoc,
1242 3171 1450 3265 quod
1483 3170 2080 3265 concupiscimus,
2103 3174 2355 3265 quanti
2383 3172 2608 3245 defe-·

662 3294 877 3351 ratur.
905 3278 1133 3373 Saepe
1162 3280 1560 3353 maximum
1579 3280 1893 3375 pretium
1922 3298 2024 3351 est
2044 3330 2068 3368 ‚
2093 3306 2226 3375 pro
2247 3306 2402 3377 quo
2423 3282 2592 3353 nul-

643 3388 823 3480 ⁵lum
854 3387 1082 3469 datur.
1130 3389 1365 3462 Multa
1398 3412 1690 3485 possum
1731 3390 1864 3461 tibi
1893 3391 2267 3465 ostendere
2288 3443 2313 3481 ‚
2341 3416 2537 3487 quae
2553 3428 2602 3483 ,’

662 3496 1017 3591 adquisita
1053 3514 1526 3591 acceptaque,
1568 3497 1973 3571 libertatem
2020 3502 2226 3573 nobis
2271 3516 2586 3575 extorse-

662 3620 877 3691 runt3
908 3606 1125 3677 nostri
1156 3630 1495 3697 essemus,
1519 3607 1574 3679 si
1597 3606 1726 3679 ista
1757 3623 1996 3681 nostra
2022 3634 2174 3683 non
2197 3625 2448 3683 essent.
2529 3672 2538 3681 .

604 3784 615 3798 ,
760 3712 959 3789 Haec
1000 3723 1167 3815 ergo
1214 3732 1454 3789 tecum
1485 3719 1634 3811 ipse
1671 3743 1866 3791 versa
1887 3770 1914 3808 ,
1967 3744 2120 3792 non
2163 3720 2398 3793 solum
2447 3716 2602 3793 ubi·

662 3818 759 3897 de
780 3816 1221 3899 incremento
1240 3845 1502 3925 ,agetur
1520 3874 1548 3916 ,
1579 3827 1710 3901 sed
1729 3830 1947 3903 etiam
1984 3827 2112 3921 ubi
2151 3826 2246 3904 de
2289 3824 2598 3903 iacturas
