2809 4850
553 389 1370 468 EPISTOLA
1450 393 1706 470 xx1.
1990 406 2159 528 ⁶⁷,

154 576 400 648 tatur,
441 577 534 634 ut
553 559 945 656 Pythoclea
967 555 1406 651 locupletem
1442 581 1599 631 non
1626 560 1921 653 publica
1946 585 2086 656 nec

150 671 460 766 ancipiti
499 672 616 742 via
631 669 866 740 faciat.
899 669 982 740 Si
1008 672 1148 742 vis.
1199 667 1441 760 inquit
1458 717 1483 755 ,
1528 667 1881 764 Pythoclea
1919 672 2087 750 divi-s

153 781 534 881 terrefacere
551 834 576 857 .
607 805 734 852 non
753 782 1064 878 pecuniae
1096 771 1555 854 adiiciendum.
1586 779 1702 849 sed
1738 783 2089 879 cupiditati
2193 861 2211 874 ,

154 891 629 964 detrahendum
687 907 802 961 est.
863 887 956 958 Et
997 887 1310 981 apertior
1351 891 1482 959 ista
1540 891 1885 960 sententia
1926 907 2031 964 est
2054 939 2083 983 ‚

154 1025 380 1096 quam
411 1014 501 1069 ut
530 995 1056 1092 interpretanda
1083 997 1212 1081 sit3
1255 1011 1328 1067 et
1351 995 1708 1086 disertior,
1748 1021 1967 1093 quam
1992 1016 2083 1072 ut

155 1108 594 1183 adiuvanda.
619 1109 780 1180 Hoc
804 1131 1036 1182 unum
1061 1123 1134 1176 te
1157 1105 1523 1180 admoneo
1539 1157 1562 1196 ,
1588 1132 1683 1181 ne
1708 1110 1901 1182 istud
1922 1128 2085 1184 tan·-

157 1240 322 1294 tum
369 1220 728 1294 existimes
773 1217 870 1289 de
920 1215 1179 1288 divitiis
1225 1217 1546 1306 dictum3
1604 1245 2085 1315 quocumque

155 1331 594 1426 transtuleris
614 1381 638 1420 ,
675 1328 872 1400 idem
897 1329 1205 1422 poterit:
1240 1329 1297 1399 si
1321 1328 1425 1401 vis
1449 1331 1835 1426 Pythoclea
1856 1333 2085 1405 hone·

153 1463 346 1520 stum
369 1444 604 1514 facere
623 1495 643 1530 ,
674 1463 824 1512 non
849 1440 1240 1512 honoribus
1258 1415 1747 1514 adiiciendum
1772 1459 1876 1515 est
1897 1494 1920 1532 ‚
1949 1445 2077 1518 sed

153 1543 682 1646 cupiditatibus
713 1545 1268 1618 detrahendum:
1305 1548 1360 1617 si
1395 1548 1499 1619 vis
1520 1549 1907 1645 Pythoclea
1932 1572 2081 1625 esse

153 1667 230 1736 in
243 1681 608 1759 perpetua
623 1662 1000 1754 voluptate
1020 1709 1043 1748 ,
1063 1681 1213 1730 non
1227 1658 1727 1753 voluptatibus
1744 1663 2085 1736 adiicien-

151 1773 340 1844 dum
386 1785 532 1858 est,
565 1767 694 1841 sed
727 1766 1240 1862 cupiditatibus
1275 1767 1836 1840 detrahendum:
1882 1769 1939 1840 si
1976 1775 2085 1845 vis

156 1879 552 1974 Pythoclea
590 1898 834 1947 senem
882 1865 1146 1964 facere,
1185 1890 1260 1946 et
1289 1874 1592 1968 implere
1622 1876 1841 1948 vitam
1863 1927 1887 1965 ,
1927 1901 2085 1954 non

156 1991 360 2062 annis
403 1984 886 2060 adiiciendum
917 2003 1060 2074 est,
1114 1984 1240 2056 sed
1283 1985 1801 2080 cupiditatibus
1844 1989 2083 2060 detra·-

155 2099 535 2173 hendum!
583 2095 727 2167 Has
769 2119 978 2168 voces
1019 2119 1173 2168 non
1208 2112 1308 2166 est
1351 2097 1560 2189 quod
1610 2095 1888 2191 Epicuri
1938 2123 2081 2173 esse

155 2209 470 2292 iudices;
498 2205 832 2300 publicae
855 2223 1039 2276 sunt.
1070 2204 1299 2312 Quod
1329 2207 1475 2280 fieri
1502 2210 1577 2280 in
1594 2228 1841 2284 senatu
1857 2213 2083 2303 solet,

156 2317 570 2391 faciendum
611 2341 746 2414 ego
774 2317 852 2388 in
885 2318 1334 2411 philosophia
1361 2342 1665 2414 quoque
1702 2323 2035 2394 existimo
2055 2353 2077 2396 t

157 2456 394 2523 quum
419 2429 702 2501 censuit
722 2429 976 2522 aliquis
1002 2429 1206 2522 quod
1231 2452 1322 2499 ex
1345 2446 1543 2523 parte
1572 2432 1751 2502 mihi
1776 2434 2078 2527 placeat,

156 2540 379 2612 iubeo
401 2540 614 2610 illum
647 2538 964 2610 dividere
996 2540 1457 2627 sententiam,
1494 2558 1567 2611 et
1598 2566 1861 2635 sequor
1898 2540 2080 2641 [pro

160 2674 246 2721 eo
269 2648 482 2743 quod
505 2649 807 2745 proba]
833 2648 940 2747 Eo
971 2650 1306 2721 libentius
1338 2647 1619 2743 Epicuri
1655 2652 1924 2749 egregia
1944 2640 2081 2723 ‘di-

157 2777 267 2831 cta
305 2782 848 2867 commemom,
883 2774 967 2830 ut
989 2758 1129 2830 istis
1152 2812 1175 2846 ‚
1219 2760 1349 2851 qui
1385 2760 1483 2829 ad
1509 2762 1623 2831 illa
1644 2752 2081 2859 ¹confugient

161 2893 284 2964 spe
308 2871 498 2939 mala
519 2868 834 2957 inducti,
854 2868 983 2963 q'ui
1009 2871 1495 2943 velamentum
1522 2870 1707 2961 ipsos
1733 2872 2081 2945 vitiorum

161 3006 456 3055 suorum
491 2980 855 3051 habituros
879 2981 1321 3068 existimant,
1354 2980 1691 3073 probem,
1718 2988 2083 3074 quocum·
2122 3008 2149 3045 >

165 3114 304 3185 que
339 3090 904 3175 ierint5·honeste
935 3115 1076 3165 csse
1113 3090 1534 3162 vivendum.
1582 3092 1839 3195 Quum
1881 3090 2083 3163 adie-

150 3201 300 3271 rint
337 3200 505 3271 istos
532 3198 896 3287 hortulos,
935 3214 1008 3270 et
1052 3200 1466 3292 inscriptum
1500 3193 1836 3271 hortulis:
1896 3200 1967 3271 H
1989 3218 2094 3275 ο--

167 3324 426 3393 suta,
458 3324 626 3377 1110
651 3324 896 3378 BENE
929 3324 1417 3395 MANRBIS,
1446 3324 1599 3379 nte
1652 3324 2080 3382 SUMMUM

162 3436 205 3486 n
229 3434 512 3487 onum
551 3434 948 3489 vot-uer
973 3436 1078 3489 As
1131 3436 1176 3488 E
1201 3434 1237 3488 s
1263 3419 1348 3493 r!
1399 3436 1678 3514 paratus
1710 3422 1847 3493 erit
1884 3422 2079 3492 istius

165 3526 504 3599 domicilii
546 3544 825 3615 custos,
859 3527 1255 3621 hospitalis,
1297 3528 1694 3618 humanus,
1728 3545 1804 3597 et
1830 3544 1905 3597 te
1946 3552 2081 3621 po-

157 3636 345 3707 lenta
365 3634 682 3731 excipiet
700 3687 726 3724 ‚
773 3652 848 3707 et
874 3659 1138 3727 aquam
1169 3620 1471 3728 quoque
1504 3636 1691 3730 large
1732 3632 2075 3705 ministra-

159 3744 302 3837 bit,
332 3764 406 3819 et
435 3746 662 3819 dicet:
696 3745 962 3840 ecquid
988 3746 1178 3817 bene
1201 3756 1528 3838 acceptus
1562 3744 1685 3815 es?
1721 3741 1899 3816 Non
1922 3745 2079 3817 irri-

159 3870 305 3934 tant
319 3910 345 3950 ‚
365 3856 656 3954 inquit,
683 3858 764 3931 hi
783 3856 1053 3933 hortuli
1067 3855 1339 3949 *famem
1353 3904 1379 3949 ‚
1416 3853 1543 3927 sod
1568 3853 2074 3959 exstinguunt5
