2809 4850
477 365 1289 444 EP1sToLA
1376 373 1794 452 vam.
1964 409 2099 484 223

169 547 394 607 vocat
415 529 738 620 turbam,
773 531 1090 626 quisquis
1115 537 1268 610 otio
1294 561 1425 612 suo
1442 530 1757 634 aliquam
1784 539 2102 622 fabulam

171 641 525 738 inposuit.

275 753 536 858 Quum
576 754 956 844 secesseris,
983 779 1135 830 non
1163 775 1265 831 est
1299 729 1659 859 agendum
1684 761 1869 853 hoc,
1898 781 1985 838 ut
2006 765 2105 840 de

167 877 248 935 te
290 863 616 936 homines
659 867 1104 960 loquantur,
1158 869 1284 941 sed
1330 887 1417 944 ut
1454 871 1603 966 ipse
1646 874 1957 967 loquaris
1991 891 2101 948 te·

171 997 368 1049 cum.
428 975 633 1080 Quid
681 989 922 1049 autem
973 979 1344 1072 loqueris?
1393 980 1605 1076 quod
1640 982 1964 1058 homines
2000 987 2093 1058 de

167 1082 324 1171 aliis
342 1082 802 1154 libentissime
833 1082 1138 1172 faciunt3
1173 1085 1266 1161 de
1295 1101 1368 1156 te
1399 1087 1601 1180 apud
1629 1104 1701 1161 te
1726 1094 1914 1163 male
1948 1094 2097 1164 exi·

168 1191 416 1264 stimat
462 1191 820 1274 adsuesces
861 1210 934 1266 et
971 1193 1206 1266 dicere
1243 1218 1497 1268 verum
1521 1248 1545 1286 ‚
1588 1215 1662 1270 et
1680 1200 1963 1274 audire.
2007 1205 2099 1278 Id

169 1315 419 1372 autem
448 1302 759 1374 maxime
787 1318 1001 1375 tracta
1021 1351 1046 1389 ,
1077 1296 1292 1396 ‘quod
1316 1305 1392 1376 in
1420 1321 1495 1375 te
1534 1330 1677 1380 esse
1706 1309 2095 1384 infirmissi-

169 1430 384 1480 mum
401 1409 673 1480 senties.
706 1409 900 1483 Nota
930 1411 1150 1483 habet
1177 1403 1283 1482 sni
1319 1413 1629 1506 quisque
1652 1419 1966 1512 corporis
1985 1421 2099 1493 „vi-

165 1518 306 1590 tiaz
351 1518 594 1612 itaque
627 1521 802 1594 alius
829 1521 1114 1594 vomitu
1151 1522 1342 1594 levat
1382 1525 1871 1612 stomachum3
1918 1529 2095 1602 alius

167 1623 534 1720 fiequenti
581 1629 750 1702 cibo
798 1630 1051 1709 fulcitz
1113 1631 1290 1702 alius
1339 1631 1762 1726 interposito
1814 1635 2105 1708 ieiunio

166 1757 434 1832 corpus
459 1739 782 1812 exhaurit
805 1757 878 1812 et
901 1758 1180 1840 purgat.
1213 1741 1336 1828 Hi,
1357 1766 1685 1836 quorum
1710 1745 1931 1838 pedes
1958 1746 2096 1818 do-

168 1845 285 1916 lor
306 1847 608 1941 repetit,
637 1865 762 1919 aut
783 1849 957 1920 vino
987 1866 1114 1920 aut
1139 1848 1400 1922 balneo
1424 1850 1783 1925 abstinent
1814 1879 1829 1922 ε
1874 1852 1951 1936 in
1978 1865 2095 1926 c'e-
2144 1933 2147 1938 ,

169 1969 320 2026 tera
366 1958 839 2053 negligentes,
872 1953 1082 2045 huic,
1125 1981 1169 2028 a
1203 1958 1355 2052 qiio
1391 1982 1600 2052 saepe
1634 1959 2095 2052 infestantur,

167 2081 576 2137 occurrunt·
624 2063 793 2137 Sic
771 2089 852 2136 ln
883 2066 1128 2138 animo
1160 2083 1404 2145 nostro
1434 2083 1605 2139 sunt
1617 2093 1827 2191 ‘quam
1854 2093 2093 2144 causa·

168 2175 312 2246 riae
333 2190 562 2269 partes
583 2225 603 2262 ‚
649 2175 916 2268 quibua
963 2173 1375 2248 adhibenda
1416 2176 1688 2248 curatio
1722 2194 1843 2248 est.
1882 2178 2088 2284 Quid

167 2283 248 2356 in
289 2285 448 2356 otio
475 2283 707 2356 facio?
751 2286 964 2358 Ulcus
991 2309 1240 2358 meum
1277 2308 1475 2366 curo·
1522 2283 1599 2356 Si
1635 2285 2089 2359 ostenderem

167 2395 300 2469 tibi
325 2395 591 2521 pedem
620 2396 1035 2495 turgidum,
1067 2394 1362 2469 lividam
1388 2417 1735 2483 manum,
1762 2412 1887 2468 aut
1906 2419 2086 2467 con-

165 2507 370 2577 tracti
397 2506 616 2580 crutis
637 2505 868 2577 aridos
909 2530 1203 2593 nervos,
1243 2506 1687 2599 permitteres
1722 2504 1903 2575 mihi
1936 2529 2085 2576 uno

165 2614 334 2685 loco
385 2613 605 2684 iacere
627 2662 652 2701 ‚
702 2630 778 2685 et
815 2606 1058 2685 fovere
1101 2612 1443 2685 morbum
1500 2632 1797 2683 meum·
1860 2610 2085 2684 maius

164 2726 444 2803 malum
483 2742 586 2797 eet
607 2725 788 2813 hoc,
830 2727 1037 2818 quod
1059 2750 1212 2797 non
1243 2750 1533 2819 possum
1570 2725 1705 2797 tibi
1750 2726 2087 2797 ostende-

165 2859 263 2907 re.
307 2835 396 2907 In
437 2850 724 2929 pectore
759 2850 1042 2921 tumor,
1085 2836 1439 2907 conlectio
1460 2883 1485 2922 ,
1534 2849 1607 2905 et
1645 2833 1922 2905 vomica
1968 2852 2087 2905 est.

166 2945 366 3018 Nolo
393 2940 642 3020 laudes
659 2993 682 3030 ,
701 2946 878 3016 nolo
905 2943 1128 3015 dicam
1159 2968 1206 3015 o
1233 2966 1575 3039 magnum
1599 2942 1873 3017 virum!
1910 2964 2089 3013 con-

166 3058 409 3129 temsit
427 3057 676 3129 omnia
699 3107 722 3145 ,
757 3074 830 3135 et
871 3055 1214 3127 damnatis
1242 3058 1595 3127 humanae
1622 3054 1805 3127 vitae
1833 3053 2085 3125 furori-

164 3168 306 3241 bus
335 3166 550 3263 fugit!
597 3204 670 3221 -
723 3165 930 3240 Nihil
973 3164 1354 3253 damnavi,
1395 3166 1527 3239 nisi
1560 3191 1699 3239 me.
1750 3166 1917 3238 Non
1948 3184 2086 3254 est,

165 3278 378 3371 quod
421 3276 846 3371 proficiendi
869 3300 1072 3349 causa
1094 3276 1336 3349 venire
1357 3275 1449 3347 ad
1474 3300 1593 3347 me
1619 3275 1809 3347 velis.
1852 3275 2047 3345 Erras
2062 3325 2109 3363 ,-

164 3386 308 3480 qui
335 3384 501 3455 hinc
525 3386 799 3479 aliquid
821 3385 1064 3458 auxilii
1091 3407 1360 3479 sperae:
1399 3384 1893 3460 non'medicus
1909 3436 1932 3473 ,
1961 3382 2087 3455 sed

164 3518 371 3593 aeger
397 3496 511 3569 hic
529 3494 820 3569 habitat.
849 3492 1043 3567 Malo
1073 3495 1189 3567 illa
1207 3546 1230 3581 ‚
1265 3520 1519 3588 quum
1530 3493 1955 3582 discesseriS,
1982 3494 2088 3566 di·

163 3628 314 3677 cas.
359 3604 508 3721 Ego
556 3607 784 3679 istum
808 3606 1105 3677 beatum
1159 3604 1533 3678 hominem
1574 3606 1921 3699 putabam
1942 3655 1967 3694 ,
2012 3620 2088 3677 et

165 3694 574 3802 eruditum3
620 3738 984 3789 erexeram
1015 3736 1259 3785 aures:
1305 3712 1689 3817 destitutos
1720 3718 1924 3805 sum,
1970 3716 2085 3788 ni-

159 3824 272 3901 hil
297 3824 450 3899 vidi
465 3874 493 3917 ,
534 3826 714 3902 nihil
743 3825 988 3903 audivi
1003 3876 1030 3919 ,
1079 3824 1286 3920 quod
1313 3825 1937 3921 concupiscerem
1912 3877 1943 3919 ,
1986 3824 2099 3903 ad
