2809 4850
1453 225 1534 275 ’θ

698 359 843 464 306
1000 347 1007 350 ’
1080 353 1169 430 L.
1214 351 1666 428 ANNAm
1712 349 2233 426 SENECAE

694 517 913 595 maria
954 537 1100 588 *nos
1145 510 1716 586 sollicitudinum
1761 531 2008 582 causae
2067 523 2632 604 prosequantur.

696 631 907 736 Quae
927 625 1193 698 latebra
1216 640 1363 714 est,
1394 621 1474 694 in
1497 643 1720 716 quam
1741 641 1898 690 non
1919 615 2138 690 intret
2159 636 2401 690 metus
2427 643 2638 690 mor·

694 741 781 810 tis
802 739 839 810 i’
872 759 1057 832 quae
1078 749 1227 806 tam
1248 733 1534 804 munita
1555 780 1577 818 ,
1598 745 1672 801 et
1693 726 1769 802 in
1796 730 2026 800 altum
2049 726 2412 800 subducta
2433 728 2632 802 vitae

694 833 939 944 quies,
968 868 1187 940 quam
1220 865 1383 926 non,
1400 839 1611 912 dolor
1643 837 1966 912 territet?
2014 829 2532 945 Quocumque
2557 858 2629 910 te

690 954 1051 1032 abdideris
1070 1005 1095 1044 ,
1143 953 1329 1026 mala
1367 951 1682 1024 humana
1717 946 2334 1044 circumstrepent.
2380 947 2622 1020 Multa

692 1085 889 1142 extra
934 1079 1149 1153 sunt,
1201 1085 1389 1157 quae
1431 1059 1882 1132 circumeunt
1917 1081 2098 1148 nos,
2144 1083 2302 1152 quo
2339 1075 2470 1130 aut
2499 1058 2623 1129 fal-

690 1180 849 1252 lant
866 1227 889 1266 ,
920 1191 1045 1248 aut
1068 1189 1395 1270 urgeant3
1423 1171 1654 1242 multa
1677 1169 1900 1260 intus,
1927 1191 2114 1262 quae
2137 1168 2215 1240 in
2241 1166 2482 1240 media
2505 1194 2621 1240 so·

690 1283 1003 1359 litudine
1032 1297 1464 1356 exaestuant.

778 1391 1237 1486 Philosophia
1275 1387 1782 1463 circumdanda
1829 1404 1935 1461 est
1959 1438 2000 1482 ,Ι
2031 1387 2616 1485 inexpugnabilis
2764 1395 2773 1472 4

688 1525 971 1590 murus,
1004 1526 1229 1596 quern
1257 1498 1547 1576 fortuna
1571 1499 1815 1572 multis
1842 1498 2184 1572 machinis
2205 1497 2612 1570 lacessitum

688 1633 845 1706 non
892 1608 1177 1687 transit!
1224 1607 1705 1702 Insuperabili'
1735 1610 1901 1683 loco
1935 1623 2071 1682 stat
2113 1607 2402 1678 animus
2428 1659 2454 1695 ‚
2489 1609 2614 1702 qui

690 1741 989 1799 externa
1016 1711 1325 1792 deseruit
1342 1768 1367 1807 ,
1409 1734 1482 1790 et
1507 1741 1663 1792 arce
1685 1741 1760 1790 se
1788 1743 1912 1792 sua
1948 1715 2299 1790 vindicat:
2325 1717 2507 1790 infra
2529 1722 2618 1790 il-

687 1834 851 1906 lum
876 1855 1095 1904 omne
1119 1833 1349 1904 telum
1374 1830 1590 1904 cadit.
1645 1829 1816 1910 Non
1855 1829 2104 1920 habet,
2132 1847 2214 1902 ut
2239 1846 2612 1926 putamus,

688 1943 985 2018 fortuna
1022 1945 1267 2044 longas
1312 1965 1606 2032 manus3
1659 1941 2030 2016 nerninem
2078 1958 2396 2038 occupat
2419 1992 2444 2031 ,
2477 1941 2606 2016 nisi

688 2053 1103 2127 haerentem
1140 2053 1289 2126 sibi.
1329 2052 1585 2146 Itaque
1603 2101 1626 2138 ,
1664 2066 2026 2146 quantum
2051 2071 2438 2145 possumus
2455 2103 2478 2138 ‚
2515 2053 2604 2124 ab

686 2163 809 2238 illa
832 2163 1251 2250 resiliamus3
1296 2161 1506 2256 quod
1543 2163 1690 2234 sola
1708 2161 2105 2257 —praestabit
2131 2161 2242 2234 sui
2279 2173 2607 2236 naturae·-

686 2299 839 2370 que
884 2273 1219 2372 cognitio.
1270 2268 1460 2346 Sciat
1493 2297 1650 2374 quo·
1685 2274 1912 2346 iturus
1949 2273 2078 2360 sit,
2119 2271 2321 2344 unde
2369 2293 2602 2364 ortus;

688 2385 900 2481 quod
930 2383 1035 2456 illi
1077 2383 1363 2457 bonurn
1382 2435 1408 2473 ,
1447 2385 1655 2478 quod
1681 2387 1955 2458 malurn
1975 2384 2098 2475 Sitj
2148 2383 2332 2479 quid
2363 2403 2606 2481 petat,

684 2496 871 2590 quid
906 2494 1221 2581 devitet3
1249 2519 1438 2589 quae
1463 2494 1553 2567 sit
1572 2494 1692 2567 illa
1709 2494 1918 2568 Ratio
1933 2545 1956 2586 ,
1987 2518 2172 2587 quae
2195 2493 2606 2588 adpetenda

684 2627 769 2677 ac
792 2602 1133 2701 fugienda
1158 2602 1548 2692 discernat,
1581 2628 1726 2699 qua
1753 2602 2241 2699 cupiditatum
2276 2618 2608 2678 mansue-

564 2780 579 2811 2
666 2715 821 2791 wit
848 2712 1111 2787 insania
1130 2767 1157 2804 ,
1190 2715 1542 2788 timorum
1585 2714 1876 2790 saevitia·
1898 2716 2363 2809 conpescitur.
2413 2718 2608 2801 Haec

684 2824 987 2921 quidam
1010 2839 1275 2921 putant
1297 2823 1486 2921 ipsos
1505 2876 1528 2914 ,
1558 2828 1774 2899 etiam
1801 2827 1951 2898 sine
1972 2826 2430 2921 Philosophia
2447 2878 2470 2915 ‚
2497 2854 2606 2901 re·

680 2934 1038 3032 pressisset
1074 2932 1198 3006 sed
1217 2984 1242 3023 ,
1284 2958 1520 3027 quum
1545 2947 1826 3029 securos
1849 2935 2104 3028 aliquis
2128 2960 2324 3009 casus
2347 2960 2604 3032 exper-

681 3059 801 3117 tus
826 3059 969 3132 est,
1016 3043 1446 3139 exprimitur
1480 3041 1628 3117 sera
1667 3042 2054 3133 confessi03
2101 3070 2356 3144 magna
2386 3046 2602 3119 verba

680 3153 1077 3242 excidunt,
1100 3178 1339 3248 quum
1363 3172 1598 3227 tortor
1625 3155 1958 3249 poposcit
1980 3180 2276 3229 manum
2295 3208 2317 3244 ,
2359 3182 2598 3250 quum

678 3286 875 3339 mors
914 3259 1211 3355 propius
1246 3261 1545 3333 accessit.
1613 3262 1832 3341 Possis
1880 3263 1984 3335 illi
2033 3264 2302 3337 dicere:
2363 3266 2596 3338 Facile

676 3369 1114 3469 provocabas
1140 3373 1337 3441 mala
1353 3372 1710 3460 absentia3
1739 3397 1904 3446 ecce
1933 3366 2146 3451 aolor
2165 3425 2190 3464 ‚
2224 3401 2452 3469 quem
2481 3395 2600 3449 to·-

674 3481 1044 3559 lerabilem
1086 3502 1231 3553 esse
1270 3480 1588 3553 dicebas!
1627 3506 1792 3555 ecce
1829 3508 2054 3569 mors,
2087 3508 2310 3577 quarn
2345 3504 2596 3559 contra

678 3595 910 3670 multa
944 3589 1261 3665 animose
1283 3593 1634 3688 loquutus
1659 3596 1766 3665 es!
1813 3612 2072 3667 sonant
2095 3594 2412 3694 flagella,
2441 3599 2598 3697 gla-

676 3700 840 3774 dius
870 3703 1119 3775 micat:

772 3812 973 3887 Nunc
994 3817 1228 3890 αηὸηὶς
1252 3818 1735 3919 opus.-Aem.
1767 3844 1943 3897 nunc
1945 3801 2208 3923 pectore
2209 3824 2420 3923 firmo
2445 3824 2480 3895 !
