2809 4850
616 317 753 414 146
960 312 1073 388 τι..
1120 308 1582 386 ΑΝΝΑΕῙ
1626 307 2162 390 SENECAE

606 485 783 566 culis
804 493 1171 566 tremeret3
1198 475 1520 550 sederem
1541 478 1806 550 otiosus
1831 493 1905 550 et
1925 475 2281 554 eiusmodi
2307 504 2552 576 quae-i

606 595 987 672 stiunculas
1012 611 1293 685 ponens
1314 615 1336 658 z
1430 588 1560 661 uod
1577 613 1702 661 non
1713 588 2100 686 perdidisti.
2131 591 2368 668 haben
2399 619 2550 664 cor-

556 737 571 752 ·
606 733 745 783 nna
772 720 990 778 autem
1024 724 1149 771 non
1184 697 1376 798 perdi
1433 699 1447 714 ‘
1480 699 1575 770 tis
1616 721 1858 768 cornua
1895 721 2049 793 ergo
2087 699 2280 772 habes
2299 730 2324 770 .·
2364 703 2546 774 alia-

606 839 753 912 que
774 811 867 884 ad
894 808 1315 902 exemplum
1341 807 1556 876 huius
1593 822 1840 878 acutae
1887 806 2322 882 delirationis
2359 833 2540 882 con-

603 922 903 993 cinnata.
932 913 1161 1007 Atqui
1193 935 1426 1006 aeque
1449 911 1616 984 licet
1637 910 1936 984 demens
1958 914 2093 988 tibi
2135 916 2382 990 videar
2405 969 2432 1006 ,
2471 919 2538 992 si

601 1029 745 1102 istis
776 1022 1177 1120 inpendero
1201 1046 1534 1116 operam:
1569 1037 1642 1092 et
1667 1044 1864 1094 nunc
1900 1022 2256 1098 obsideor.
2310 1025 2535 1098 Tunc

540 1153 545 1165 ·
598 1154 847 1214 tamen
887 1131 1289 1230 periculum
1327 1130 1508 1200 mihi
1555 1127 1838 1220 obsesso
1885 1149 2268 1207 externum
2315 1134 2537 1206 inmi-

600 1263 843 1334 neret3
879 1265 1127 1316 murus
1148 1263 1267 1313 me
1290 1240 1382 1312 ab
1417 1241 1620 1312 hoste
1646 1261 2076 1316 secerneretz
2109 1269 2306 1316 nunc
2337 1267 2534 1316 mor·

599 1359 1123 1436 tiferamecum
1148 1369 1333 1426 sunt.
1361 1351 1434 1422 N
1437 1375 1535 1424 on
1561 1374 1736 1426 vaco
1763 1351 1852 1428 ad
1874 1351 2031 1425 istas
2058 1355 2395 1449 ineptias:
2423 1357 2535 1426 in·

599 1491 773 1570 gens
800 1460 1177 1566 negotium
1200 1464 1275 1532 in
1298 1453 1628 1536 manibm
1657 1479 1778 1534 est.
1817 1463 2026 1568 Quid
2043 1489 2246 1562 agam
2269 1466 2304 1536 Ρ
2341 1490 2534 1536 mors

602 1603 727 1656 me
746 1574 1096 1670 sequitur,
1120 1571 1305 1670 fugit
1324 1572 1506 1660 vita3
1534 1570 1860 1644 adversus
1880 1574 2055 1646 haec
2075 1600 2195 1646 me
2213 1576 2403 1650 doce
2421 1575 2536 1646 ali·

602 1685 829 1781 quid!
873 1681 1072 1760 effice
1104 1694 1188 1752 ut
1212 1703 1347 1777 ego
1376 1697 1688 1752 mortem
1715 1702 1868 1752 non
1896 1679 2204 1780 fugiam,
2231 1684 2380 1755 vita
2411 1706 2533 1755 me

602 1817 763 1868 non
786 1789 1095 1889 effugiat.
1132 1787 1524 1882 Exhortare
1561 1787 1894 1862 adversus
1917 1789 2261 1880 difficilia,
2293 1795 2392 1866 de
2415 1819 2538 1866 ae-

604 1901 1083 2000 quanimitate
1112 1897 1444 1972 adversus
1468 1898 1946 1972 inevitabilia:
1973 1902 2324 2000 angustias
2348 1920 2537 1976 tem·

602 2013 797 2108 poris
834 2011 978 2084 mei
1010 2011 1167 2080 laxa
1188 2005 1227 2095 3'
1255 2007 1440 2080 doce
1464 2059 1488 2098 ,
1523 2031 1678 2080 non
1719 2034 1864 2082 esse
1897 2012 2216 2105 positum
2239 2012 2532 2087 bonum

600 2121 791 2194 vitae
814 2119 894 2192 in
915 2118 1143 2212 spatio
1180 2117 1327 2188 eius
1344 2166 1371 2204 ,
1396 2117 1524 2188 sed
1541 2118 1616 2190 in
1649 2143 1814 2206 usu3
1847 2144 2048 2214 posse
2075 2120 2266 2212 fieri,
2295 2121 2534 2210 immo

602 2226 996 2324 saepissime
1033 2223 1183 2298 fieri
1200 2273 1226 2313 ‚
1276 2237 1408 2312 ut,‘
1447 2226 1581 2320 qui
1609 2226 1741 2310 diu
1771 2227 1950 2302 vixit
1970 2280 1994 2318 ,
2037 2255 2294 2325 parum
2326 2233 2532 2324 viare-

602 2343 719 2415 rit.
765 2340 902 2410 Dic
940 2338 1117 2408 mihi
1160 2336 1598 2412 dormituro:
1652 2339 1862 2412 Potes
1906 2363 2058 2413 non
2096 2343 2485 2443 expergisci
2501 2367 2530 2430 ς

604 2452 725 2525 dic
750 2466 1211 2545 experrecto:
1250 2450 1466 2525 Potes
1493 2469 1649 2539 non
1674 2450 1988 2525 dormire
2019 2456 2362 2548 amplius;
2412 2454 2532 2527 dic

606 2563 942 2636 exeunti:
984 2560 1193 2634 Potes
1230 2582 1385 2633 non
1417 2561 1713 2649 reverti3
1755 2561 1870 2633 dic
1893 2563 2269 2637 redeunti:
2319 2566 2532 2638 Potes

601 2694 764 2747 non
789 2670 1001 2745 exire.
1024 2666 1227 2741 Erras
1249 2722 1273 2759 ,
1306 2671 1363 2742 ai
1390 2671 1468 2742 in
1501 2672 1952 2769 navigatione
1979 2688 2262 2772 tanturn
2293 2675 2536 2747 existi·

606 2805 755 2855 mas
774 2780 1165 2853 minimum
1202 2804 1385 2871 esse,
1433 2806 1586 2876 quo
1609 2807 1652 2852 a
1679 2799 1913 2856 morte
1948 2782 2093 2859 vita
2120 2786 2534 2873 diducitur-2

604 2889 689 2961 in
728 2889 935 2969 omni
970 2890 1137 2963 loco
1162 2913 1393 2983 aeque
1434 2905 1657 2964 tenue
1699 2891 2156 2962 intervallum
2193 2910 2315 2964 est.
2351 2893 2531 2965 Non

606 2998 887 3095 ubique
912 3022 985 3071 se
1008 3023 1197 3072 mors
1228 3016 1372 3071 tam
1419 3000 1648 3095 prope
1682 2999 2036 3072 ostendit:
2071 3002 2347 3095 ubique
2381 3022 2532 3075 tam

605 3134 839 3205 prope
864 3125 985 3179 est.
1024 3107 1169 3179 Has
1193 3106 1524 3179 tenebras
1545 3108 1818 3181 discute
1832 3132 1854 3195 3
1893 3124 1966 3180 et
1989 3107 2258 3182 facilius
2284 3135 2364 3181 ea
2387 3128 2534 3183 tra-

606 3218 735 3292 des
754 3268 777 3305 ,
802 3214 897 3287 ad
922 3240 1111 3308 quae
1129 3220 1574 3308 praeparatus
1599 3241 1774 3287 sum.
1806 3214 2090 3289 Dociles
2115 3235 2378 3293 natura,
2393 3242 2529 3291 nos
2623 3254 2632 3263 ·

608 3324 873 3411 edidit,
910 3340 982 3398 et
1008 3323 1361 3395 rationem
1399 3317 1612 3397 dedit·
1638 3324 2148 3419 inperfectam,
2187 3328 2312 3401 sed
2339 3352 2530 3422 quae

610 3432 857 3529 perfici
876 3448 1133 3527 posset.
1174 3430 1289 3501 De
1313 3432 1575 3505 iustitia
1595 3434 1782 3528 *mihi
1803 3486 1828 3525 ,
1863 3434 1954 3507 de
1985 3429 2249 3532 pietate
2274 3437 2529 3531 dispu-

606 3558 726 3629 ta,
770 3541 863 3614 de
900 3538 1335 3638 frugalitate,
1366 3541 1460 3612 de
1485 3542 1831 3637 pudicitia
1872 3560 2217 3639 utraque,
2257 3564 2334 3639 et
2365 3545 2526 3636 illa,

608 3651 728 3724 cui
750 3652 961 3723 alieni
986 3652 1299 3747 corporis
1330 3650 1754 3725 abstinentia
1783 3671 1919 3742 est,
1954 3672 2027 3749 et
2052 3657 2182 3727 hac
2204 3705 2227 3742 ,
2267 3656 2387 3727 cui
2414 3654 2528 3747 sni

488 3768 504 3783 ⁶
608 3782 795 3849 eura.
822 3756 899 3833 Si
924 3786 1043 3839 me
1076 3764 1389 3839 nolueris
1409 3788 1538 3859 per
1567 3764 1774 3839 devia
1799 3764 2100 3857 ducere,
2130 3764 2398 3849 facilius
2425 3764 2522 3837 ad
