2809 4850
577 369 1823 456 EPISTOLALVIII.
2026 379 2159 460 181

233 540 525 630 iuvant,
553 561 692 614 nec
711 537 1078 614 defectum
1094 554 1180 614 ’et
1196 552 1737 636 praemortuum
1756 563 2016 638 corpus
2038 561 2161 620 est.

232 655 646 728 Plurimum
678 656 876 728 enim
905 655 1170 743 refert,
1213 654 1445 728 vitam-
1476 653 1733 750 aliquis
1774 657 2160 748 extendat,

233 792 332 842 an
371 785 708 857 mortem.
747 767 886 858 At,
907 815 910 820 -
929 768 986 840 si
1009 768 1266 842 inutile
1299 768 1700 842 ministeriis
1732 784 1837 845 est
1856 791 2118 864 corpus
2134 820 2161 860 ,

235 882 504 974 quidni
529 894 859 978 oporteat
887 883 1192 958 educere
1220 881 1545 956 animum
1566 881 2009 958 laborantem
2023 884 2059 956 i’
2086 900 2162 960 et

236 993 530 1066 fortasse
545 997 768 1090 'paulo
791 1011 998 1084 ante,
1033 1021 1258 1092 quam
1277 995 1513 1068 debet
1534 1046 1559 1086 ,
1583 993 1996 1070 faciendum
2022 1009 2163 1086 θεῖς

237 1131 379 1197 ne,
425 1129 663 1202 quum
699 1109 864 1182 ‘fieri
908 1107 1208 1198 debeat,
1251 1107 1521 1181 facere
1542 1117 1699 1180 'non
1742 1110 2005 1203 possis==
2041 1127 2169 1201 et,

239 1245 480 1312 quum
523 1220 748 1294 maius
779 1221 1182 1318 periculum
1223 1218 1318 1290 sit
1351 1224 1539 1292 male
1570 1211 1857 1294 virendi
1879 1271 1905 1310 ,
1942 1245 2167 1314 quam

241 1333 392 1406 cito
421 1331 820 1422 moriendi,
857 1334 1112 1407 stultus
1138 1351 1241 1404 est
1269 1333 1397 1425 qui
1426 1355 1581 1404 non
1616 1332 1853 1432 exigui
1874 1345 2168 1427 tempo-

241 1445 333 1516 ris
380 1446 711 1520 mercede
758 1443 1056 1545 magnae
1103 1445 1207 1519 rei
1252 1449 1479 1519 aleam
1526 1445 1837 1520 redimit.
1895 1445 2169 1518 Paucos

233 1559 647 1657 longissima
673 1574 998 1656 senectus
1039 1558 1134 1630 ad
1181 1577 1493 1642 mortem
1524 1559 1675 1632 sine
1716 1555 1970 1630 iniuria
2000 1580 2168 1652 per·-
2287 1566 2292 1573 ’

241 1669 450 1744 tulite
497 1671 742 1759 multis
762 1670 946 1744 iners
967 1671 1117 1746 vita
1147 1671 1296 1744 sine
1321 1694 1463 1744 -usu
1494 1668 1714 1744 iacuit
1730 1667 1877 1742 sui.
1908 1669 2171 1774 Quan-

243 1797 326 1853 to
355 1781 622 1856 ‘deinde
657 1781 1016 1856 crudelius
1057 1783 1365 1872 iudicas,
1401 1783 1680 1878 aliquid
1715 1805 1810 1856 ex
1838 1781 1983 1853 vita
2004 1805 2173 1876 per-

237 1893 503 1966 didisse
518 1944 543 1981 ‚
573 1895 902 1988 quamvis
929 1892 1392 1968 finiendaffN
1397 1895 1497 1965 oli
1522 1911 1641 1966 me
1663 1892 1933 1968 invitus
1958 1890 2171 1964 audi-

241 2026 361 2097 re,
407 2023 786 2100 tamquam
823 2006 920 2078 ad
941 2022 1025 2078 ‘te
1052 2006 1193 2077 iam
1218 2005 1571 2101 pertineat
1604 2005 1730 2077 ista
1770 2004 2119 2078 sententia
2148 2031 2168 2074 z

243 2119 369 2193 sed
390 2170 414 2209 ,
459 2121 645 2215 quid
669 2121 904 2214 dicam
931 2171 956 2210 ,
986 2123 1293 2192 aestima.
1332 2117 1502 2192 Non
1536 2121 1940 2214 relinquam
1962 2137 2171 2191 serre·-

244 2250 568 2320 ctutem,
594 2232 650 2305 si
687 2256 808 2306 me
831 2248 1074 2304 totum
1105 2231 1282 2304 mihi
1315 2231 1737 2319 reservabit3
1777 2245 2020 2304 totum
2041 2255 2173 2304 au-

242 2363 397 2422 tem
419 2349 514 2421 ab
537 2348 662 2452 illa
689 2363 890 2447 parte
913 2350 1246 2421 melioret
1297 2364 1370 2422 at
1393 2399 1419 2439 ,
1468 2348 1525 2419 si
1549 2346 1868 2443 coeperit
1885 2370 2174 2420 conm-

244 2478 397 2535 tere
439 2479 804 2553 mentem,
847 2463 904 2535 si
942 2479 1174 2558 partes
1211 2464 1359 2564 eius
1395 2462 1842 2547 convellere,
1882 2458 1943 2531 si
1987 2458 2175 2531 mihi

241 2598 401 2648 non
422 2577 646 2649 vitam
683 2562 1056 2671 reliquerit
1075 2626 1100 2665 ,
1131 2574 1257 2649 sed
1294 2575 1649 2663 animam3
1684 2572 2043 2669 prosiliam
2079 2580 2179 2647 ρκ’

244 2681 572 2787 aedificio
608 2686 906 2785 putrido
937 2710 1020 2763 ac
1059 2686 1324 2761 ruenti.
1370 2682 1720 2757 Morbum
1747 2700 1987 2757 morte
2011 2702 2171 2759 vnon

246 2796 556 2900 fugiam,
583 2802 963 2874 dumtaxat
977 2798 1396 2886 sanabilem,
1416 2820 1550 2869 nec
1573 2796 2002 2868 officientem
2025 2797 2175 2869 ani-

246 2943 409 2989 mo:
444 2939 600 2989 non
624 2914 944 2997 adferam
978 2914 1160 2989 mihi
1197 2935 1450 2983 manus
1474 2925 1773 3005 propter
1802 2906 2126 2982 dolorem
2150 2938 2177 3000 3

249 3032 342 3101 sic
377 3029 606 3119 mori,
651 3029 846 3103 vinci
877 3044 998 3101 est.
1039 3019 1263 3099 Hune
1289 3038 1533 3096 tamen
1563 3024 1615 3093 si
1651 3020 1875 3093 >sciero
1914 3043 2177 3114 perpe-.-

253 3160 386 3214 tuo
429 3138 611 3211 mihi
661 3164 804 3211 esse
839 3132 1309 3233 patiendum3
1360 3133 1621 3221 exibo,
1678 3154 1833 3202 non
1879 3146 2179 3225 propter

254 3236 494 3353 ipsum
513 3306 537 3344 ‚
567 3252 691 3333 sed
720 3253 890 3346 quia
912 3250 1419 3346 inpedimento
1451 3244 1631 3317 mihi
1653 3244 1935 3317 futurus
1958 3259 2063 3317 est
2084 3243 2179 3315 ad

257 3392 478 3443 omne
502 3358 798 3463 propter
811 3366 1019 3461 quod
1043 3366 1327 3439 vivitur.
1370 3360 1753 3433 Inbecillus
1770 3374 1873 3431 est
1894 3373 1966 3429 et
1978 3354 2181 3455 igna-

255 3507 428 3567 vm,
466 3481 593 3573 qui
630 3494 928 3579 propter
960 3477 1288 3550 dolorem
1329 3474 1675 3559 moritu13
1710 3473 2004 3558 stultus,
2043 3467 2180 3565 qui

257 3594 527 3666 doloris
577 3616 783 3667 causa
821 3593 1022 3665 vivit.
1047 3631 1120 3645 —
1177 3588 1324 3661 Sed
1356 3587 1435 3659 in
1469 3589 1772 3685 longum
1803 3607 2025 3655 exeo:
2073 3596 2177 3656 est

256 3723 620 3801 praeterea
649 3708 987 3793 materia,
1037 3728 1230 3797 quae
1265 3701 1529 3774 ducere
1563 3690 1756 3788 diem
1800 3696 2033 3793 possit.
2088 3694 2178 3769 Et

257 3820 644 3917 quomodo
679 3821 912 3895 finem
937 3819 1132 3897 vitae
1151 3818 1501 3917 inponere
1522 3811 1824 3914 poterit,
1864 3814 1991 3909 qui
2028 3812 2181 3941 epi-
