2809 4850
539 285 554 426 ⁸,
649 351 752 452 7⁶
823 290 830 304 ⁶
961 349 1122 424 st.
1168 349 1617 427 ANNAm
1662 311 2201 426 SENECAE

579 527 586 539 “
651 539 770 610 me
791 532 1158 589 suasurum
1189 532 1272 588 ut
1289 516 1587 616 meliora
1608 514 1743 586 tibi
1766 511 1913 608 ipse
1933 505 2327 610 proponas,
2348 531 2427 588 et
2447 515 2587 588 ad·-

515 650 534 663 ·
651 626 960 720 quiescas
985 626 1146 720 spei
1161 619 1480 698 bla'ndae.
1510 623 1714 728 Qui-d
1738 624 1935 695 enim
1952 646 2233 696 necesse
2248 637 2355 695 eet
2382 629 2583 696 mala

645 752 1020 822 arcessere,
1059 755 1136 806 et
1153 785 1176 822 ,
1219 733 1374 804 satis
1395 731 1544 804 cito
1571 732 1909 825 patienda
1934 753 2169 825 quum
2199 733 2533 806 venerint
2556 777 2585 821 9

648 867 1092 939 praesumere
1113 893 1138 929 ,
1165 865 1246 914 ac
1265 864 1588 934 praesens
1613 859 1901 934 tempus
1926 839 2153 912 futuri
2179 856 2395 915 metu·
2414 865 2585 936 per-

651 952 878 1031 dere?
927 947 1229 1028 Est'sine
1259 948 1493 1020 dubio
1528 950 1875 1034 stultum,
1936 949 2103 1042 quia
2129 948 2585 1042 quandoque

648 1064 736 1134 sis
759 1060 1044 1134 futurus
1069 1059 1316 1146 miser,
1350 1082 1493 1130 esse
1528 1057 1669 1128 iam
1699 1059 2076 1132 miserum:
2122 1059 2247 1131 sed
2272 1083 2408 1158 ego
2444 1061 2585 1132 alia

648 1186 726 1242 te
760 1168 853 1239 ad
889 1168 1337 1239 securitatem
1367 1164 1481 1236 via
1517 1168 1799 1257 ducam.
1828 1165 1905 1238 Si
1926 1168 2029 1237 vis
2052 1191 2349 1240 omnem
2382 1167 2583 1264 solli-
2614 1232 2623 1245 ,

649 1278 1052 1366 citudinem
1091 1301 1392 1372 exuere,
1442 1276 1813 1370 quidquid
1843 1279 2095 1350 vereris
2124 1303 2219 1351 ne
2248 1279 2533 1350 eveniat
2552 1327 2583 1366 ,

653 1405 1082 1466 eventurum
1103 1384 1360 1480 ‘utique
1389 1411 1758 1482 propone:
1792 1404 1892 1477 et,
1924 1387 2449 1482 quodcumque
2479 1403 2589 1462 est

651 1498 1155 1585 illudmalum,
1180 1516 1421 1572 tecum
1440 1487 1587 1592 ipse
1603 1499 1889 1592 metire,
1908 1523 1987 1572 ac
2000 1499 2342 1578 timorem
2364 1521 2587 1574 tuum

651 1623 854 1680 taxa:
899 1606 1246 1702 intelliges
1273 1603 1643 1700 profecte,
1678 1624 1805 1678 aut
1842 1631 1995 1680 non
2023 1633 2368 1706 magnum
2388 1659 2412 1696 ,
2454 1622 2589 1680 aut

649 1735 806 1784 non
836 1715 1140 1810 longum
1177 1735 1363 1802 esse,
1399 1710 1611 1806 quod
1655 1714 1934 1786 metuis.
1971 1716 2128 1805 Nec
2164 1715 2289 1788 diu
2334 1739 2589 1788 exem·-

651 1824 812 1916 pla,
840 1823 1112 1916 quibus
1136 1822 1619 1910 confirmeris,
1659 1824 2073 1922 colligenda·
2094 1825 2307 1914 sunt‘3
2344 1827 2587 1898 omnis
2638 1913 2647 1928 1

563 2011 570 2019 ,
650 1931 770 2002 illa
801 1949 983 2004 aetas
1022 1930 1210 2004 tulit.
1239 1932 1346 2004 ‘In
1383 1939 1929 2026 quamcumque
1970 1935 2247 2028 parte-m
2296 1961 2582 2025 rerum,

649 2045 770 2119 vel
793 2041 1154 2128 civilium,
1176 2045 1290 2112 vel
1310 2037 1769 2114 'externarum
1790 2096 1811 2132 ,
1840 2047 2257 2138 memoriam
2285 2047 2585 2136 miserie,

653 2165 1034 2224 occurrent
1070 2151 1204 2228 tibi
1229 2153 1511 2248 ingenia
1548 2170 1673 2225 aut
1706 2153 2071 2247 profectus
2102 2173 2228 2230 aut
2264 2156 2589 2252 impetus

592 2277 600 2284 “
649 2261 915 2360 magni.
962 2261 1164 2332 Num
1191 2261 1372 2354 quid
1408 2261 1720 2332 accidere
1752 2263 1925 2352 tibi,
1952 2264 2007 2334 si
2032 2265 2416 2354 damnaris,
2440 2288 2587 2360 po-

651 2387 788 2445 test
815 2368 1065 2471 durius
1084 2422 1108 2459 ‚
1139 2394 1364 2465 quam
1395 2388 1477 2459 ut
1498 2372 1789 2447 mittaris
1816 2372 1897 2445 in.
1914 2375 2242 2451 exsilium
2266 2377 2299 2449 Ξ)
2322 2393 2409 2455 ut
2434 2375 2586 2451 du·-

638 2483 820 2583 ρει-ῖς
848 2484 924 2555 in
961 2507 1310 2556 carcerem
1335 2482 1370 2553 Ρ
1416 2508 1601 2555 num
1628 2484 1812 2577 quid
1847 2486 2031 2561 ultra
2056 2487 2464 2586 quidquam
2493 2487 2589 2567 ti-

649 2596 1006 2667 mendum
1030 2612 1134 2669 est
1160 2595 1326 2683 ulli,
1361 2620 1583 2689 quam
1614 2611 1697 2674 ut
1723 2599 2017 2670 uratur?
2052 2624 2274 2693 quam
2305 2614 2391 2671 ut
2416 2626 2587 2697 per-

652 2722 764 2775 eat
781 2706 815 2775 i’
839 2703 1132 2803 Singula
1161 2705 1288 2778 ista
1315 2707 1693 2794 constitue,
1718 2724 1791 2779 et
1815 2722 2296 2783 contemtores
2320 2732 2603 2783 eorum·

651 2812 823 2900 cita3
870 2813 1178 2907 quinon
1209 2814 1641 2907 quaerendi,
1668 2815 1807 2907 ‚sed
1846 2816 2155 2913 eligendi
2194 2835 2381 2889 sunt.
2430 2814 2583 2891 Da-

652 2922 1104 2998 mnationem
1129 2948 1330 2995 suam
1369 2924 1803 3003 Rutiliuseic
1835 2927 2042 3014 tulit,
2056 2944 2443 3022 ,tamquam
2466 2929 2582 2999 ni-

585 3080 592 3083 -
652 3030 756 3099 hil
775 3031 878 3111 illi
901 3034 1282 3104 molestum
1312 3034 1511 3105 aliud
1540 3052 1713 3105 esset
1732 3086 1753 3122 ,
1786 3060 2003 3128 quam
2028 3036 2234 3131 quod
2260 3040 2443 3109 male
2471 3040 2581 3109 iu-

654 3136 1026 3213 dicaretur.
1075 3140 1419 3226 Exsilium
1458 3144 1789 3215 Metellus
1812 3133 2097 3246 fortiter
2118 3142 2335 3236 tulit,
2368 3144 2582 3224 Ruti-

562 3254 570 3260 “
653 3248 789 3319 lius
813 3250 1026 3325 etiam
1043 3252 1355 3325 libenter
1381 3282 1398 3324 =
1440 3255 1659 3341 alter,
1688 3272 1771 3327 ut
1797 3256 2059 3350 rediret
2077 3309 2103 3347 ,
2140 3250 2577 3354 reipublicae

652 3356 1036 3451 praestitit3
1065 3363 1240 3434 alter
1259 3362 1574 3435 reditum
1604 3388 1816 3435 suum
1841 3363 2079 3441 Sullae
2097 3370 2382 3467 negavit
2405 3420 2430 3458 ‚
2458 3368 2581 3443 cui

653 3467 834 3539 nihil
861 3484 1037 3539 tunc
1065 3470 1479 3567 negabatur.
1512 3474 1599 3545 In
1622 3498 1893 3547 carcere
1913 3476 2237 3571 ⁴Socrates
2258 3478 2579 3574 disputa-

652 3579 759 3647 vit
780 3629 802 3663 ,
831 3595 902 3647 et
929 3578 1122 3680 exire
1164 3576 1456 3677 (quum
1486 3600 1713 3654 essent
1750 3585 1879 3677 qui
1911 3587 2419 3679 promitterent
2454 3586 2581 3659 fu·-

657 3689 860 3781 gam)
899 3690 1167 3779 noluit,
1191 3692 1699 3787 remansitque,
1724 3712 1811 3765 ut
1830 3695 2133 3768 duarum
2153 3718 2397 3767 rerum
2424 3717 2581 3793 gra-

659 3792 1102 3873 vissimarum
1149 3800 1561 3905 hominibus
1598 3821 1881 3877 metum
1920 3804 2283 3899 demeret,
2323 3808 2579 3881 mortis
2628 3841 2633 3849 ·
