2809 4850
674 385 815 488 298
1050 385 1141 462 L:
1180 377 2200 460 ANNAErsENECAE

670 547 851 620 ziam
886 543 1127 620 fecerit
1144 596 1167 633 ,
1208 546 1387 616 alius
1425 542 1860 616 beneficium
1897 538 2206 612 dederitz
2261 561 2432 610 nam
2468 588 2493 627 ,
2533 537 2586 608 si

676 656 869 728 idem
891 673 1033 743 est,
1056 654 1416 726 beneficio
1439 651 1542 724 vin
1561 649 1854 722 iniuriae
1879 649 2370 747 exstinguitur.
2391 646 2582 718 Nam

666 766 793 836 oui
810 813 835 852 ,
884 765 1099 836 etiam
1132 764 1189 836 si
1214 762 1466 835 merita
1503 783 1657 832 non
1691 761 2244 848 antecessissent,
2291 779 2586 853 oporte-

674 873 805 948 bat
840 863 1153 969 ignosci,
1198 887 1363 965 post
1406 869 1754 944 beneficia
1795 869 2106 942 laedenti
2151 870 2314 961 plus
2361 889 2586 958 quam

672 982 887 1056 venia
910 979 1235 1054 debetur.
1290 981 1466 1056 Non
1499 1003 1700 1080 pono
1739 981 2031 1072 utrique
2069 1003 2192 1072 par
2231 977 2585 1072 pretium:
2779 871 2784 1136 1

674 1091 899 1184 plutis
932 1089 1229 1162 aestimo
1260 1089 1694 1162 beneficium
1713 1142 1739 1182 ,
1769 1113 1990 1184 quam
2016 1087 2370 1158 iniuriam.
2412 1085 2586 1156 Non

660 1217 929 1274 ‘omnes
950 1200 1129 1296 grati
1154 1197 1418 1270 debere
1443 1201 1680 1272 sciunt
1700 1197 2138 1272 beneficium
2157 1224 2178 1266 ε
2213 1210 2452 1289 potest
2491 1211 2594 1263 et·

674 1303 821 1378 iam
854 1305 1283 1400 inprudens,
1310 1322 1386 1378 et
1408 1306 1644 1396 rudis,
1673 1324 1750 1380 et
1773 1330 1958 1378 unus
1989 1329 2029 1378 e
2057 1303 2308 1391 turba,
2337 1303 2590 1395 utique
2783 1257 2786 1474 Ι

671 1413 859 1509 dum
882 1439 1111 1509 prope
1136 1431 1239 1486 est
1258 1415 1351 1488 ab
1373 1432 1704 1512 accept03
1747 1416 2024 1513 ignorat
2045 1430 2294 1485 autem
2311 1461 2337 1501 ,
2365 1433 2594 1504 quau-

674 1537 839 1600 tum
864 1524 1159 1598 debent:
1198 1524 1327 1596 uni
1360 1523 1679 1620 Sapienti
1721 1539 1982 1596 notum
2013 1538 2117 1596 est
2135 1571 2171 1611 ,
2207 1520 2468 1616 quanti
2485 1543 2594 1590 res

676 1655 1013 1725 quaeque
1034 1631 1342 1704 taxanda
1360 1634 1471 1707 sit.
1515 1633 1704 1704 Nam
1729 1633 1852 1704 ille
1871 1682 1896 1719 ,
1941 1632 2032 1705 de
2059 1655 2214 1724 quo
2239 1627 2592 1722 loquebax

676 1737 949 1827 modo,
976 1742 1275 1828 stultm,
1300 1742 1574 1814 etiamsi
1600 1741 1836 1814 bonae
1860 1741 2252 1816 voluntatis
2279 1756 2426 1824 est,
2459 1755 2588 1808 aut

678 1851 919 1922 minus
942 1874 1169 1944 quam
1196 1851 1418 1924 debet
1431 1901 1456 1940 ‚
1489 1869 1617 1924 aut
1642 1865 2010 1945 tempore,
2039 1859 2215 1936 aut,
2263 1873 2418 1942 quo
2435 1871 2596 1918 non

682 1956 951 2046 debet,
974 1960 1139 2032 loco
1162 1958 1442 2046 reddit,
1485 1959 1566 2030 id
1583 1959 1790 2054 quod
1815 1957 2278 2032 referendum
2305 1971 2411 2028 est
2425 2003 2450 2044 ,
2495 1954 2598 2026 ef

681 2069 929 2144 fundit
951 2087 1177 2164 atque
1198 2071 1462 2144 abiicit.
2787 2029 2790 2246 Ι

778 2178 1004 2252 Min
982 2203 1061 2250 m
1084 2180 1518 2274 quibusdam
1551 2181 1762 2254 rebus
1789 2181 2170 2256 verborum
2207 2179 2602 2274 proprietas

686 2307 823 2374 θεῖς
862 2304 941 2360 et
972 2291 1428 2362 consuetudo
1449 2293 1792 2364 sermonis
1807 2291 2089 2386 antiqui
2109 2290 2468 2384 quaedam
2493 2287 2604 2360 ef-

684 2397 1126 2488 ficacissimis,
1160 2413 1237 2471 et
1256 2397 1489 2471 officia
1513 2399 1966 2489 docentibus,
1997 2397 2454 2496 notis-signat.
2481 2395 2602 2471 Sic

684 2525 877 2581 cette
888 2511 1217 2581 solemus
1254 2508 1500 2602 loquiz
1551 2510 1680 2581 lue
1713 2511 1820 2581 illi
1830 2512 2140 2603 gratiam,
2159 2510 2412 2581 retulit.
2447 2509 2516 2579 R
2539 2533 2606 2577 c-

667 2617 951 2716 fer-re.
976 2633 1083 2687 est
1111 2616 1334 2703 ultto,
1368 2614 1580 2709 quod
1617 2615 1878 2691 debeas
1897 2666 1922 2705 ,
1959 2615 2250 2689 adferre.
2295 2615 2472 2690 Non
2495 2614 2605 2687 di·

686 2725 915 2797 cimus
931 2774 956 2811 ,
988 2722 1291 2797 Gratiam
1308 2724 1634 2797 reddidit.-
1677 2751 1768 2797 re
1789 2727 1834 2795 d
1851 2726 1899 2797 d
1911 2752 1955 2799 u
1971 2742 2016 2797 n
2039 2742 2066 2798 t
2101 2726 2300 2799 enim
2319 2774 2344 2811 ,
2375 2740 2446 2799 et
2471 2723 2606 2816 qui

686 2824 1157 2928 reposcuntur
1174 2884 1199 2923 ,
1254 2849 1331 2905 et
1362 2834 1496 2928 qui
1525 2835 1774 2924 inviti,
1829 2840 1902 2907 et
1949 2834 2078 2929 qui
2122 2833 2433 2907 ubilibet
2450 2882 2478 2921 ,
2529 2847 2606 2905 et

690 2944 821 3037 qui
839 2967 969 3036 per
988 2946 1233 3019 alium.
1264 2945 1438 3017 Non
1463 2944 1768 3019 dicimus
1783 2994 1808 3033 ,
1837 2945 2145 3043 Περσικὴ
2182 2946 2562 3041 beneficium
2578 2996 2604 3019 .

686 3068 813 3123 aut
846 3054 1075 3125 solvit:
1116 3055 1405 3127 nullum
1445 3055 1654 3127 nobis
1681 3056 1988 3150 placuit,
2029 3054 2248 3149 quod
2273 3054 2416 3129 aeti
2439 3054 2610 3125 alie-

685 3186 789 3233 no
818 3164 1194 3253 convenit,
1236 3164 1570 3239 verbum.
1617 3164 2007 3264 Referre.
2057 3164 2277 3240 estad
2299 3188 2470 3239 eum
2495 3214 2521 3253 ,
2543 3190 2610 3235 .a

686 3296 843 3365 quo
874 3272 1219 3365 acceperis
1236 3321 1263 3360 ,
1302 3273 1521 3349 ferret
1573 3274 1746 3349 haec
1775 3298 1922 3350 vox
1959 3277 2304 3375 significat
2336 3275 2606 3349 volun·

688 3380 941 3451 tat-iam
978 3380 1446 3455 relationemx
1489 3384 1618 3477 qui
1663 3387 1910 3459 retulit
1926 3436 1951 3473 ,
1992 3387 2146 3481 ipse
2181 3410 2256 3459 se
2283 3384 2609 3480 adpella-

687 3490 815 3561 vit.
850 3484 1145 3582 Sapiens
1168 3490 1410 3565 omnia
1435 3495 1875 3579 examinabit
1911 3518 2190 3583 secum3
2237 3510 2607 3589 quantum

690 3596 1077 3691 acceperit,
1098 3622 1141 3669 a
1163 3622 1356 3692 quo,
1382 3602 1686 3694 quando
1701 3654 1731 3689 ,
1757 3602 1923 3694 ubi,
1947 3604 2606 3698 quemadmodum.

694 3704 951 3795 ltaque
972 3728 1312 3803 negamus
1328 3758 1353 3797 ,
1380 3732 1834 3805 quemquam·
1863 3713 2036 3785 scire
2053 3718 2356 3809 gratiam
2389 3712 2612 3813 refir-

694 3838 765 3884 re
784 3864 811 3889 .
842 3815 1442 3915 nisi-Sapientem:
1477 3842 1630 3893 non
1654 3823 1872 3925 magis
1899 3846 2119 3919 quam
2163 3822 2618 3899 beneficium
