2809 4850
743 329 840 428 36
1115 276 1198 400 ι’.
1247 325 1709 400 ΑΝΝΑΕῙ
1754 325 2289 404 SENECAE

739 494 869 590 qui
903 515 1304 586 numquam
1331 492 1737 588 suggillatus
1758 510 1880 566 est.
1927 493 2089 584 Ille,
2122 497 2249 590 qui
2286 497 2469 570 vidit
2490 521 2649 584 san·

735 603 1030 704 guinem
1063 623 1310 686 suum3
1347 599 1549 670 cuius
1588 599 1836 692 dentes
1860 621 2299 696 crepuerunt
2341 609 2475 679 sub
2514 632 2648 702 pu·

735 737 916 816 3¹¹0ss
955 711 1114 799 ille,
1157 710 1289 804 qui
1325 711 1814 803 supplantatus
1848 713 2319 788 adversarium
2346 735 2509 791 toto
2536 734 2648 792 tu-

733 826 818 900 lit
841 815 1182 918 cdrpore,
1205 843 1338 894 nec
1365 820 1663 916 proiecit
1690 822 2013 894 animum
2041 826 2440 918 proiectus;
2470 832 2645 923 qui,

731 934 1069 1032 quotiens
1111 930 1370 1006 cecidit
1388 981 1415 1020 ‚
1460 933 1949 1005 contumacior
1996 938 2416 1025 resurrexit3
2472 964 2647 1012 cum

683 1079 692 1088 ·
730 1063 984 1137 magna
1009 1061 1134 1134 spe
1161 1035 1524 1110 descendit
1545 1035 1638 1108 ad
1663 1061 2000 1135 pugnam.
2030 1041 2217 1140 Ergo
2238 1093 2262 1128 ‚
2292 1061 2377 1115 ut
2404 1046 2649 1118 simili.

731 1150 1063 1246 tudinem
1091 1149 1292 1220 istam
1327 1171 1750 1241 prosequar,
1794 1171 1999 1240 saepe
2034 1151 2173 1222 iam
2208 1151 2501 1227 fortuna
2532 1180 2645 1228 su·

728 1281 854 1354 pra
877 1274 950 1328 te
976 1255 1152 1342 fuit3
1182 1278 1314 1327 nec
1338 1270 1585 1360 tamen
1616 1255 1963 1329 tradidisti
2001 1273 2070 1330 te
2094 1310 2117 1348 ‚
2144 1260 2269 1333 sed
2310 1265 2647 1334 subsilui-

727 1366 854 1456 sti,
895 1381 968 1438 et
989 1362 1213 1443 acrior
1246 1365 1649 1436 constitisti:
1687 1368 2003 1438 multum
2038 1370 2233 1440 enim
2276 1371 2521 1444 adjicit
2544 1373 2647 1443 si·

727 1477 807 1549 bi
831 1471 1052 1548 'virtus
1082 1475 1402 1546 lacessita.
1434 1475 1746 1566 Tamen,
1776 1477 1834 1548 si
1859 1477 1989 1570 tibi
2020 1478 2305 1550 videtur
2323 1531 2345 1568 ,
2395 1481 2644 1576 accipe

725 1613 767 1660 a
789 1613 908 1659 me
933 1587 1230 1674 auxilia,
1255 1587 1519 1680 quibus
1544 1575 1827 1660 munire
1849 1604 1920 1660 te
1941 1589 2175 1685 possis.
2212 1591 2423 1667 Plura
2438 1609 2644 1681 sunt,

723 1699 997 1786 Lucili,
1041 1721 1226 1791 quae
1253 1721 1384 1768 nos
1412 1712 1678 1770 terrent
1702 1747 1727 1788 ,
1768 1723 1991 1792 quam
2036 1723 2222 1794 quae
2252 1721 2639 1796 premunt:
2714 1761 2722 1776 .

723 1826 798 1883 et
843 1809 1112 1904 saepius
1145 1807 1517 1902 opinione,
1565 1832 1785 1901 quam
1820 1833 1936 1897 re,
1977 1810 2403 1884 laboramus.
2453 1804 2637 1886 Non

719 1921 986 2012 loquor
1012 1932 1256 1990 tecum
1277 1914 1509 1988 Stoica
1534 1917 1805 2014 lingua,
1850 1918 1975 1990 sed
2000 1919 2128 1990 hac
2155 1920 2635 2018 submissiore.

717 2028 874 2100 Nos
899 2026 1091 2097 enim
1125 2023 1425 2094 dicimus
1448 2072 1471 2110 ,
1504 2023 1748 2094 omnia
1774 2027 1901 2128 ista
1926 2049 2113 2120 quae
2137 2026 2441 2126 gemitus
2462 2053 2641 2128 mu-

621 2171 630 2178 ·
717 2135 1051 2234 gitusque
1075 2134 1493 2228 exprimunt
1516 2184 1539 2221 ,
1559 2133 1743 2206 levia
1768 2159 1910 2206 esse
1930 2185 1953 2224 ,
1982 2152 2055 2208 et
2078 2139 2635 2212 contemnenda„

718 2241 1355 2326 Omittamus-haec
1381 2267 1633 2341 magna
1656 2245 1864 2320 verba
1882 2297 1904 2334 ‚
1926 2247 2088 2335 sed,
2120 2247 2239 2318 Dii
2256 2245 2475 2320 boni!
2508 2275 2636 2320 ve·

713 2380 809 2430 ra.
851 2353 1044 2427 Illud
1071 2352 1202 2423 tibi
1227 2353 1583 2447 praecipio
1607 2405 1630 2443 ,
1658 2377 1751 2428 ne
1772 2354 1857 2427 sis
1882 2357 2089 2429 miser
2110 2372 2275 2448 ante
2295 2373 2585 2451 tempus
2602 2383 2637 2445 ς.

715 2488 952 2559 quum
979 2464 1130 2551 illa,
1162 2486 1350 2557 quae
1369 2466 1570 2536 velut
1595 2464 2041 2538 imminentia
2068 2464 2451 2561 expavisti,
2477 2465 2636 2538 for-

711 2591 885 2649 tasse
911 2599 1315 2669 numquam
1341 2567 1639 2647 ventura
1685 2576 1864 2665 sint,
1900 2592 2091 2671 certe
2116 2578 2453 2649 nondum
2500 2602 2635 2649 ve-

709 2685 970 2760 nerint.
1003 2684 1380 2792 Quaedam
1410 2709 1575 2784 ergo
1602 2709 1733 2758 nos
1756 2681 2373 2785 magis'torquent,
2396 2712 2649 2779 quam-

713 2797 1024 2885 debent3
1067 2796 1423 2891 quaedam
1443 2812 1611 2868 ante
1642 2813 2025 2891 torquent,
2057 2820 2278 2890 quam
2306 2796 2625 2885 debent3

711 2907 1067 3001 quaedam
1096 2921 1470 2999 torquent,
1500 2930 1731 3000 quum
1770 2906 2071 2979 omnino
2092 2926 2247 2976 non
2281 2905 2625 2977 debeant.

708 3010 864 3089 Aut
884 3036 1221 3114 augemus
1248 3014 1610 3101 dolorem,
1642 3030 1767 3085 aut
1801 3014 2169 3111 fingimus,
2208 3033 2333 3085 aut
2354 3016 2626 3111 praeci·

707 3124 970 3219 pimus.
993 3124 1312 3195 Primum
1330 3124 1539 3211 illud,
1570 3123 1737 3215 quia
1761 3124 1959 3194 resin
1988 3124 2461 3196 controversia
2487 3142 2625 3213 est,

711 3247 786 3303 et
812 3230 1014 3302 litem
1052 3246 1517 3330 contestatam
1556 3232 1932 3319 habemus,
1964 3230 2042 3302 in
2071 3233 2627 3325 praesentia-dif-

708 3338 990 3427 feratur.
1037 3338 1268 3442 Quod
1313 3362 1447 3435 ego
1488 3341 1643 3410 leve
1682 3339 1935 3411 dixero
1954 3391 1977 3427 ,
2021 3356 2101 3411 tu
2130 3342 2625 3437 gravissimum

707 3472 850 3521 esse
872 3447 1299 3533 contendes3
1324 3448 1467 3519 scio
1490 3449 1659 3519 alios
1674 3449 1858 3520 inter
1872 3446 2143 3546 flagella
2168 3449 2423 3535 ridere,
2440 3451 2625 3523 alios

587 3566 596 3581 “
705 3578 990 3655 gemere
1024 3558 1158 3629 sub
1193 3560 1539 3652 colapho..
1577 3558 1823 3630 Postea
1860 3558 2267 3630 videbimus
2289 3608 2312 3644 ,
2360 3573 2621 3634 utrum

705 3665 832 3736 ista
872 3667 1012 3738 suis
1049 3666 1314 3738 viribus
1339 3667 1654 3752 valeant,
1674 3678 1795 3737 ‘an
1834 3664 2291 3739 inbecillitate
2326 3684 2572 3739 nostra
2594 3695 2619 3741 ε

701 3773 890 3847 illud
920 3792 1185 3871 praesta
1219 3773 1398 3849 mihi
1416 3826 1442 3865 ‚
1492 3791 1613 3865 ut,
1650 3776 1983 3871 quotiens
2010 3773 2617 3851 circumsteterint
