2809 4850
733 327 1841 406 EPISTOLALVI.
2112 317 2295 432 167‘

319 495 514 566 hanc
539 517 762 594 unam
789 491 996 564 fuisse
1021 516 1299 564 causam
1324 493 1583 566 urbem
1602 518 1800 584 suam
1829 491 2251 568 transferen-

324 605 450 693 di,
479 605 650 697 quia
675 600 1023 701 fragorem
1061 603 1213 676 Nili
1240 603 1556 676 cadentis
1594 603 1771 676 ferre
1806 625 1958 676 non
1982 604 2247 698 potuit.

325 715 554 812 Magis
578 714 759 786 mihi
786 738 934 787 vox
958 737 1250 788 avocare
1288 713 1573 788 videtur
1590 766 1613 803 ,
1658 739 1879 808 quarn
1913 714 2244 807 crepitus.

322 826 458 896 Illa
479 825 676 896 enirn
696 823 1018 898 animum
1053 823 1351 898 abducit
1373 877 1398 914 ‚
1444 825 1559 896 hic
1586 842 1866 898 tantum
1890 847 2086 896 aures
2110 825 2251 896 im-

323 938 488 1031 plet
519 959 600 1008 ac
623 935 968 1006 verberat.
1001 934 1086 1004 In
1115 935 1220 1006 his
1238 986 1261 1023 ‚
1295 959 1491 1028 quae·
1513 959 1634 1007 me
1658 937 1807 1008 sine
1830 934 2277 1009 avocatione·

323 1048 968 1138 circumstrepunt,
1013 1044 1277 1116 essedas
1318 1061 1863 1120 transcurrentes
1890 1069 2126 1143 pono,
2172 1059 2250 1118 et

323 1153 620 1226 fabrum
665 1151 1145 1245 inquilinum,
1195 1169 1268 1224 et
1301 1151 1669 1226 ferrarium
1706 1153 2027 1238 vicinum
2049 1203 2073 1242 ,
2123 1169 2251 1228 aut

325 1263 579 1348 hune,
607 1260 739 1352 qui
767 1260 858 1335 ad
884 1260 1599 1334 Metam-sudantem
1640 1245 1924 1336 tu‘bulas
1970 1263 2252 1355 experi-

325 1388 455 1444 tur
493 1365 570 1444 est
613 1370 859 1459 tibias,
905 1395 1042 1444 nec
1093 1388 1362 1460 cantat,
1415 1373 1537 1444 sed
1580 1376 1948 1446 exclamat.
2017 1371 2253 1444 Etiam

327 1480 704 1556 molestior
743 1496 846 1552 est
871 1480 1048 1552 mihi
1071 1505 1284 1554 sonus
1304 1533 1327 1569 ,
1361 1481 1492 1575 qui
1531 1481 2034 1556 intermittitur
2072 1481 2251 1552 sub-

328 1590 546 1678 inde,
589 1612 812 1684 quam
845 1591 974 1683 qui
1007 1591 1491 1663 continuatur.
1536 1588 1683 1662 Sed
1710 1591 1851 1662 iam
1890 1613 2009 1664 me
2030 1589 2126 1663 sic
2158 1585 2252 1661 ad

333 1699 580 1772 omnia
607 1698 733 1770 ista
758 1696 1052 1786 duravi,
1109 1715 1190 1770 ut
1217 1699 1466 1772 audire
1493 1701 1610 1769 vel
1652 1700 2052 1794 pausarium
2088 1721 2259 1792 pos·

331 1807 472 1879 sim
491 1857 518 1895 ‚
559 1803 1203 1878 voceacerbissima
1230 1805 1614 1902 remigibus
1640 1806 1896 1878 modos
1935 1805 2256 1876 dantem.
2334 1889 2341 1896 ⁷

333 1916 689 1991 Animum
713 1915 906 1987 enim
935 1939 1116 2013 cogo
1143 1916 1280 1989 sibi
1311 1915 1678 1988 intentum
1718 1941 1895 2004 esse,
1926 1939 2059 1988 nec
2090 1938 2259 1986 avo-

333 2026 477 2097 ·cari
501 2024 592 2096 ad
619 2042 924 2094 externa.
976 2023 1246 2094 Omnia
1274 2023 1443 2096 licet
1469 2024 1633 2094 foris
1657 2041 1991 2096 resonent
2006 2050 2027 2104 ς
2072 2023 2254 2094 dum

335 2137 536 2208 intus
561 2133 741 2208 nihil
780 2135 1135 2206 tumultus
1157 2133 1244 2203 sit
1263 2183 1286 2220 ‚
1323 2132 1505 2203 dum
1530 2130 1711 2203 inter
1735 2157 1806 2203 se
1834 2130 1987 2204 non
2018 2131 2262 2204 rixen-

333 2260 458 2316 tur
496 2264 584 2312 cu
643 2235 846 2309 iditas
875 2255 949 2311 et
981 2239 1241 2324 timor,
1281 2237 1465 2307 dum
1502 2235 1788 2332 avaritia
1827 2239 2258 2328 luxuriaque

333 2374 490 2427 non
544 2263 961 2435 dissideant,
1011 2368 1146 2417 nec
1196 2347 1411 2416 altera
1452 2347 1741 2416 alteram
1783 2361 2019 2417 vexet.
2062 2343 2256 2416 Nam

337 2461 528 2557 quid
557 2458 850 2555 prodest
862 2454 1084 2547 totius
1107 2456 1413 2557 regionis
1436 2454 1798 2530 silentium
1816 2502 1840 2547 ,
1860 2454 1916 2527 si
1936 2452 2257 2528 adfectus

333 2570 713 2654 fremunt?

443 2683 684 2754 Omnia
714 2683 922 2753 noctis
959 2696 1148 2753 erant
1171 2679 1439 2781 placida
1469 2696 1766 2779 conposta
1787 2680 2019 2775 quiete.

339 2791 626 2863 Falsum
653 2791 787 2860 est!
827 2789 1024 2860 nulla
1050 2784 1326 2882 placida
1348 2785 1553 2878 quies
1578 2800 1717 2875 est,
1749 2784 1882 2855 nisi
1910 2808 2127 2878 quam
2147 2810 2261 2858 ra-

341 2897 450 2970 tio
475 2894 901 2991 conposuitz
944 2916 1099 2965 nox
1127 2891 1423 2965 exhibet
1459 2891 1899 2978 molestiam,
1932 2914 2084 2962 non
2114 2894 2261 2963 tol-

340 3007 466 3093 lit3
517 3024 592 3078 et
634 3004 1143 3078 sollicitudines
1191 3018 1447 3073 mutat.
1507 2998 1699 3077 Nam
1745 2998 2262 3077 dormientium

344 3138 657 3210 quoque
705 3113 1054 3186 insomnia
1091 3118 1260 3183 'tarn
1291 3100 1725 3181 'turbulenta
1778 3123 1983 3195 sunt,
2040 3132 2263 3201 quam

347 3228 522 3299 dies.
545 3228 673 3303 Illa
687 3224 1154 3317 tranquillitas
1173 3247 1336 3295 vera
1357 3224 1488 3310 est,
1508 3222 1587 3291 in
1612 3242 1831 3313 qnam
1852 3219 2051 3291 bona
2062 3236 2265 3291 mens

348 3340 772 3434 explicatur.
816 3336 1120 3431 Adspice
1145 3336 1383 3447 illum?
1414 3332 1545 3413 cui
1581 3354 1870 3402 somnus
1905 3331 2105 3403 laxae
2132 3328 2271 3399 do-

350 3473 516 3521 mus
538 3448 823 3521 silentio
851 3445 1251 3539 quaeritur3
1292 3433 1494 3516 cuius
1520 3457 1719 3513 aures
1743 3441 1837 3512 ne
1868 3440 2029 3563 quis
2054 3438 2272 3535 agitet

356 3584 612 3648 sonus,
664 3558 898 3631 omnis
939 3542 1302 3628 servorum
1347 3552 1559 3624 turba
1596 3539 1976 3635 conticuit,
2022 3560 2271 3619 etsus-

355 3694 714 3765 pensum,
753 3664 1247 3767 accedentium
1286 3662 1582 3756 propius
1600 3708 1624 3749 ,
1634 3658 2027 3755 vestigium
2054 3654 2269 3750 poni·-

351 3798 493 3853 tur.
537 3780 708 3853 Huc
745 3800 1014 3873 nempe
1056 3792 1367 3854 versatur
1395 3788 1616 3868 atque
1658 3770 1829 3842 illuc
1848 3818 1875 3861 ,
1926 3786 2268 3841 somnum

812 4064 824 4095 l
