2809 4850
1501 207 1526 248 0

725 385 868 488 ,σε
1108 379 1197 456 ι,.·
1241 376 1697 458 ΑΝΝΑΕῙ
1747 322 2281 460 SENEcAE

720 551 1043 638 sustulit,
1078 563 1152 622 et
1184 541 1558 653 paedagogi
1593 572 1736 620 esse
1781 549 2004 635 dixit,
2070 575 2194 621 non
2233 551 2636 652 philosophi.-

719 680 1087 784 tamquam
1116 659 1524 751 quidquam
1551 657 1748 730 aliud
1773 659 1862 730 sit
1883 657 2178 753 Sapiens
2197 711 2220 749 ,
2253 683 2484 755 quam
2511 662 2638 734 hu-

716 769 917 842 mani
944 768 1214 865 generis
1237 768 1706 866 paedagogus.

812 881 1043 982 Erga,
1085 905 1319 976 quum
1364 883 1706 975 tripartita
1734 880 1824 952 sit
1865 879 2324 977 Philosophia
2342 931 2368 970 ,
2417 883 2632 956 Mora·

717 995 843 1066 lem
888 993 1039 1064 eius
1084 1008 1343 1092 partem
1388 993 1713 1086 primum
1765 991 2188 1086 incipiamus
2239 993 2632 1088 disponere.

714 1105 964 1213 Quam
988 1094 1075 1173 in‘
1094 1103 1227 1174 tria
1246 1119 1480 1172 rursus
1506 1099 1734 1173 dividi
1759 1101 2056 1196 placuit3
2093 1121 2180 1174 ut
2207 1103 2444 1198 prima
2475 1121 2634 1176 esset

712 1215 1037 1314 Inspectio
1052 1235 1240 1284 suum
1265 1215 1488 1308 cuique
1507 1213 1915 1290 distribuens,
1943 1231 2015 1306 et
2031 1215 2634 1308 aestimansquan-

712 1339 799 1395 to
814 1321 1142 1417 quidque
1162 1321 1463 1419 dignum
1489 1321 1617 1412 εἰη
1649 1323 1962 1394 maxime
1987 1323 2223 1400 utilis:
2243 1323 2440 1417 quid
2453 1321 2632 1396 enim

712 1451 816 1506 est
842 1449 989 1504 tam
1018 1432 1480 1504 necessarium
1500 1481 1522 1518 ‚
1571 1455 1792 1526 quam
1821 1433 2044 1528 pretia
2067 1435 2284 1506 rebus
2327 1435 2632 1528 inpone·

710 1543 839 1619 re?
860 1539 1176 1615 secunda
1194 1591 1216 1628 ,
1248 1542 1324 1612 de
1354 1541 1732 1614 Actionibies
1750 1568 1780 1616 ‚·
1805 1543 2008 1614 tertia
2031 1595 2055 1632 ,
2079 1545 2152 1615 de
2173 1546 2460 1644 Impetu.
2501 1547 2632 1618 Pri-

710 1670 923 1726 mum
969 1648 1165 1723 enim
1214 1667 1361 1739 est,
1404 1665 1528 1737 ut,
1575 1651 1834 1744 quanti
1879 1651 2214 1746 quidque
2262 1654 2356 1724 sit
2377 1704 2403 1742 ,
2455 1653 2634 1726 iudi-

711 1783 859 1833 ces:
884 1757 1321 1847 secundum,
1349 1777 1436 1830 ut
1457 1755 1816 1854 impetum
1842 1759 1934 1831 ad
1957 1760 2076 1832 illa
2101 1759 2332 1855 capias
2361 1762 2634 1836 ordim-

707 1889 875 1946 tum
898 1879 1566 1967 temperatumque:
1591 1874 1886 1946 tertium
1901 1925 1924 1961 ,
1947 1889 2034 1947 ut
2057 1876 2245 1948 inter
2271 1875 2630 1968 impetum

675 2002 925 2078 ¹tuum
944 2039 969 2074 ‚
1010 1985 1516 2084 actionemque
1563 1984 1986 2072 conveniat,
2037 2000 2124 2055 ut
2170 1984 2248 2055 in
2297 1983 2630 2056 omnibus

707 2093 851 2166 istis
884 2093 1021 2166 tibi
1052 2089 1202 2189 ipse
1244 2092 1654 2165 consentias,
1723 2093 2118 2198 Quidquid
2147 2117 2239 2166 ex
2267 2094 2376 2166 his
2409 2095 2633 2168 tribus

708 2203 1066 2290 defuerit,
1098 2201 1345 2282 turbat
1381 2221 1456 2272 et
1492 2217 1740 2273 cetera.
1798 2201 2006 2306 Quid
2047 2203 2244 2272 enim
2289 2203 2628 2296 prodest,

704 2311 903 2384 intus
940 2313 1295 2384 aestimata
1337 2309 1596 2382 habere
1637 2311 1913 2400 omnia,
1959 2311 2015 2382 si
2060 2312 2147 2384 sis
2189 2313 2482 2407 impetu
2523 2315 2632 2386 ni·
2667 2382 2679 2389 ,

704 2423 945 2499 mins?
996 2423 1195 2521 quid·
1217 2423 1540 2520 prodest,
1571 2423 1886 2520 impetus
1922 2426 2312 2519 repressisse
2335 2468 2362 2513 5
2393 2442 2470 2498 et
2507 2426 2630 2499 ha-

704 2534 879 2606 bere
902 2534 1325 2627 cupiditates
1351 2535 1424 2603 in
1454 2551 1576 2605 tua
1600 2550 1954 2628 potestate
1972 2585 1993 2623 ,
2025 2534 2079 2605 si
2107 2536 2186 2606 in
2213 2536 2368 2630 ipsa
2393 2558 2638 2611 rerum.

702 2648 988 2719 ac'tione
1009 2662 1335 2741 tempora
1359 2646 1674 2743 ignores;
1702 2665 1836 2717 nec
1857 2646 2020 2717 scias
2039 2697 2061 2731 ‚
2089 2646 2400 2739 quando
2419 2642 2632 2739 quid-

704 2780 881 2851 que,
904 2768 977 2827 et
1004 2754 1159 2855 ubi,
1182 2768 1255 2827 et
1276 2752 1906 2849 quemadmodum
1931 2756 2040 2855 agi
2065 2756 2382 2831 debeat?
2403 2755 2624 2829 Aliud

704 2882 810 2939 est
848 2866 1082 2953 enim,
1090 2860 1484 2963 dignitates
1517 2884 1590 2937 et
1621 2868 1842 2960 pretia
1871 2890 2110 2938 rerum
2147 2882 2396 2957 nosse,
2431 2863 2624 2941 aliud

700 2962 1080 3061 articulos3
1116 2974 1313 3057 aliud
1351 2976 1662 3069 impetus
1698 2973 2092 3063 testemini,
2121 2994 2194 3047 et
2222 2978 2316 3049 ad
2353 2958 2626 3076 agenda

700 3088 841 3175 ire,
872 3105 1024 3156 non
1053 3108 1278 3175 ruere.
1328 3082 1546 3155 Tunc
1586 3104 1753 3183 ergo
1793 3086 1936 3157 vita
1969 3085 2104 3155 sibi
2137 3106 2436 3157 concors
2477 3098 2622 3174 est,
2657 3128 2662 3135 ·

700 3194 833 3269 ubi
860 3194 1047 3266 actio
1077 3210 1227 3265 non
1260 3192 1580 3267 destituit
1613 3196 1970 3290 impetum
1992 3246 2014 3283 ,
2049 3195 2368 3289 impetus
2397 3218 2490 3268 ex
2516 3196 2628 3267 di-

699 3304 971 3405 gnitate
990 3305 1093 3375 rei
1117 3304 1466 3397 cuiusque
1497 3305 1934 3399 concipitur3
1967 3304 2280 3399 proinde
2301 3306 2626 3379 remissus

699 3414 1073 3506 acriorque
1090 3464 1111 3497 ,
1134 3426 1352 3506 prout
1376 3414 1492 3481 ina
1517 3412 1727 3509 digna
1749 3428 1851 3483 est
1869 3412 2041 3507 pet‘i.
2491 3446 2496 3451 ·

797 3520 1152 3592 Naturalis
1198 3542 1361 3621 pars
1410 3520 1860 3619 Philosophiae
1902 3521 1978 3591 in
2031 3521 2183 3593 duo
2235 3520 2624 3599 scinditutz

698 3624 1151 3727 corporalia,
1192 3648 1268 3703 et
1297 3632 1788 3727 Incorporalia.
1838 3629 2154 3725 Utraque
2191 3631 2624 3707 dividuntur

698 3736 779 3811 in
800 3764 1002 3831 sune,
1037 3756 1119 3813 ut
1142 3740 1236 3813 ita
1264 3740 1493 3814 dicam
1511 3794 1534 3831 ,
1561 3740 1835 3840 gradus.
1865 3742 2276 3837 Corporum
2307 3744 2514 3815 locus
2543 3744 2620 3814 in

698 3851 868 3925 hos:
900 3854 1232 3949 primum
1269 3854 1348 3929 in
1386 3870 1470 3929 ea
1505 3872 1694 3949 quae
1729 3852 2036 3948 faciunt,
2069 3872 2144 3927 et
2169 3874 2359 3951 quae
2387 3880 2486 3929 ex
2512 3854 2622 3927 hin

2323 4060 2348 4095 ἱ
