2809 4850
531 315 536 322 ’
624 363 733 442 44
907 383 911 388 -
1001 270 1097 426 ‘.t.
1145 265 2172 418 ANNAHSENEcAa

628 494 962 593 publicae
985 493 1462 586 admitterent.
1510 493 1715 602 Quid
1746 494 1947 570 aliud
1968 515 2189 586 quam
2212 490 2557 567 vocifera-

631 623 748 678 tus
785 621 892 678 est
917 606 1138 695 Cato,
1174 621 1250 677 et
1285 605 1479 677 misit
1504 604 1747 676 inritas
1780 628 2025 691 voces,
2058 623 2291 696 quum
2320 600 2561 674 modo

631 739 760 810 per
792 716 1050 810 populi
1080 717 1352 790 levatus
1391 736 1646 787 manus
1661 763 1685 802 ,
1728 731 1801 784 et
1826 713 2133 786 obrutus
2170 711 2395 805 sputis
2414 761 2439 798 ‚
2477 725 2557 786 et

631 825 1024 922 portandus
1047 841 1244 899 extra
1267 824 1509 896 forum
1544 823 1974 911 traheretur,
2006 821 2233 894 modo
2272 848 2313 894 e
2345 843 2559 894 sena-

513 981 516 988 -
631 933 806 1005 tuin
836 955 1182 1006 carcerem
1211 931 1643 1003 duceretur?
1671 928 1817 1001 Sed
1846 929 2567 1025 postea-videbimus),

633 1065 726 1114 an
749 1041 1056 1136 sapient-’2
1075 1065 1303 1138 opera*
1314 1039 1679 1136 perdenda
1716 1040 1832 1110 sita
1880 1038 2167 1111 interim
2194 1040 2284 1110 ad
2323 1042 2455 1111 hos
2480 1061 2559 1110 te

634 1151 908 1223 Stoicos
925 1174 1110 1223 voco
1127 1201 1151 1240 ‚
1178 1151 1312 1244 qui
1335 1175 1374 1222 a
1395 1147 1763 1244 republica
1786 1146 2083 1233 exclusi,
2124 1163 2565 1220 secesserunt

631 1259 729 1331 ad
770 1259 1146 1335 colendam
1173 1260 1392 1332 vitam
1412 1307 1439 1348 2
1475 1275 1547 1328 et
1582 1256 1899 1328 humano
1926 1256 2167 1352 generi
2197 1257 2349 1330 iura
2380 1279 2564 1328 con·

635 1368 911 1455 denda,
935 1370 1084 1440 sine
1111 1364 2017 1462 ullapotentiorisoffensa.
2062 1365 2229 1438 Non
2256 1381 2565 1438 contur-

633 1477 840 1550 babit
861 1479 1132 1572 sapiens
1157 1477 1487 1571 publicos
1518 1501 1749 1565 mores
1764 1525 1787 1562 ,
1830 1499 1965 1546 nec
1991 1477 2353 1568 populum
2386 1474 2465 1546 in
2484 1497 2563 1544 se

635 1587 822 1656 vitae
857 1587 1172 1657 novitate
1199 1600 1585 1656 convertet.
1634 1582 1839 1688 Quid
1880 1584 2093 1678 ergo?
2147 1582 2400 1675 utique
2424 1583 2567 1652 erit

635 1710 836 1766 tutus
857 1747 882 1782 ,
905 1695 1036 1786 qui
1061 1697 1200 1766 hoc
1229 1696 1677 1812 propositum
1704 1711 2074 1784 sequetur
2061 1693 2092 1744 Ρ
2134 1692 2563 1764 Promittere

635 1803 768 1874 tibi
784 1802 924 1875 hoc
945 1827 1100 1876 non
1119 1803 1335 1901 magis
1355 1827 1683 1897 possum,
1702 1826 1923 1895 quam
1945 1803 2021 1872 in
2052 1803 2344 1872 homine
2369 1820 2567 1874 tern-

636 1916 916 2008 peranti
951 1916 1216 1986 bonam
1248 1913 1757 1985 valitudinem.
1806 1930 1881 1984 et
1910 1928 2151 1990 tamen
2180 1913 2346 1986 facit
2370 1931 2571 1986 tem-

637 2026 951 2114 perantia
997 2023 1262 2094 bonam
1296 2021 1791 2092 valitudinem.
1852 2023 2065 2093 Periit
2093 2023 2331 2116 aliqua
2366 2023 2569 2120 navis

637 2133 716 2203 in
741 2150 958 2228 portu
983 2161 1000 2202 ε
1029 2132 1152 2203 sed
1175 2131 1358 2224 quid
1385 2149 1469 2202 tu
1495 2133 1809 2204 accidere
1834 2133 1911 2203 in
1938 2134 2179 2205 medio
2210 2135 2384 2206 mari
2406 2137 2567 2206 cre·

635 2243 796 2317 “dis?
823 2245 1126 2350 Quanto
1155 2242 1322 2313 huic
1345 2245 1743 2336 periculum
1774 2246 2081 2335 paratius
2107 2241 2293 2317 fo‘ret
2312 2293 2337 2332 ‚
2370 2246 2565 2315 mul·-

640 2366 716 2422 ta
739 2351 977 2450 agenti
1012 2351 1491 2446 molientique
1509 2403 1532 2440 ,
1567 2351 1691 2423 cui
1722 2375 1817 2424 ne
1842 2354 2077 2427 otium
2104 2353 2403 2447 quidem
2440 2372 2571 2429 tu·-

641 2482 804 2571 tum
815 2480 960 2537 ..est
943 2464 977 2517 Ρ
1005 2466 1314 2539 Pereunt
1339 2463 1780 2557 aliquando
1762 2481 2216 2550 innocentem
2240 2464 2409 2557 quis
2428 2488 2567 2537 ne·-

522 2617 532 2631 ·
643 2556 809 2672 ¹gat?
851 2590 1190 2648 nocentes
1227 2593 1471 2647 tamen
1492 2575 1789 2669 saepius·
1834 2583 1963 2649 Ars
1988 2577 2053 2647 ei
2082 2589 2397 2661 constan
2420 2576 2579 2667 qui·

643 2706 774 2777 per
793 2698 1210 2772 ornamenta
1237 2707 1601 2776 percussus
1638 2702 1760 2755 est:
1808 2684 2147 2777 Denique
2180 2683 2559 2757 consilium
2631 2722 2635 2726 ·

645 2815 886 2889 rerum
905 2793 1234 2867 omniurn
1257 2794 1567 2887 sepiem,
1597 2816 1749 2865 non
1772 2794 2089 2881 exitum,
2110 2809 2399 2888 spectat.
2418 2795 2565 2864 Ini-

646 2900 746 2971 tia
785 2902 874 2971 in
891 2917 1241 2994 potestate
1277 2918 1520 2974 nostra
1564 2919 1769 2973 sunt.
1808 2902 1901 2973 de
1936 2918 2207 2975 eventu
2249 2904 2565 2977 Fortuna

649 3005 916 3085 iudicat
937 3062 961 3100 ,
985 3014 1102 3092 cui
1131 3013 1224 3086 de
1247 3038 1366 3085 me
1392 3014 1815 3085 sententiam
1844 3035 1995 3083 non
2018 3012 2137 3094 do.
2162 3012 2261 3085 At
2284 3012 2563 3109 aliquid

555 3184 568 3192 .
649 3127 1044 3203 vexationis
1068 3126 1376 3214 adferet,
1397 3125 1675 3218 aliquid
1697 3124 1999 3259 adversi!
2028 3126 2103 3199 N
2106 3150 2208 3199 on
2231 3126 2581 3201 domina-—

651 3254 772 3311 tur
798 3236 1020 3325 latro,
1051 3260 1288 3330 quum
1319 3235 1605 3309 occidit.

753 3348 974 3423 Nunc
997 3347 1088 3419 ad
1119 3346 1617 3439 quotidianam
1640 3346 1897 3441 stipem
1926 3368 2223 3421 manum
2250 3347 2581 3447 porrigis*

657 3430 894 3529 Aurea
912 3468 988 3524 te
1007 3451 1188 3547 stipe
1203 3454 1565 3547 impleb03
1592 3470 1663 3527 et
1684 3455 1850 3548 quia
1875 3453 2055 3527 facta
2080 3470 2181 3527 est
2194 3454 2345 3527 auri
2362 3478 2569 3527 men-⁶

658 3563 764 3634 tio
783 3614 808 3651 ‚
849 3562 1095 3656 accipe
1115 3561 1760 3662 quemadmodum
1782 3586 1945 3636 usus
1969 3561 2385 3657 fructusque
2414 3561 2571 3635 eius

525 3738 537 3749 ,
661 3671 793 3757 tibi
821 3694 964 3742 esse
1001 3675 1257 3769 gratior
1285 3672 1520 3767 possit.
1564 3672 1637 3744 Is
1671 3676 1952 3747 maxime
1994 3674 2235 3748 divitiis
2243 3672 2519 3772 fruitur
2537 3724 2580 3753 .,

613 3841 636 3853 1.
663 3782 772 3877 qui
802 3782 1060 3855 minime
1083 3783 1330 3858 divitiis
1357 3782 1623 3879 indiget.
1656 3820 1729 3837 -
1780 3782 1933 3855 Ede
1948 3833 1973 3873 ‚
2000 3782 2237 3877 inquis
2261 3834 2287 3875 ,
2312 3797 2573 3859 aucto-'-
