2809 4850
629 283 1446 414 EprsToL'A
1530 331 1785 414 xrv.
2064 361 2287 444 4,-

237 521 346 574 ne
381 496 456 572 iu
483 503 944 586 commatum
985 521 1118 572 nos
1159 499 1467 574 invidiae
1498 502 1716 575 timor
1756 499 2163 595 transferat3

237 635 336 688 ne
351 663 382 702 ,
405 611 591 684 dum
615 613 878 686 calcare
900 614 1246 684 nolumus
1267 663 1291 701 ,
1325 611 1701 686 videamur
1721 637 1925 708 posse
1944 617 2164 687 calca·

235 727 338 798 ri:
383 725 637 800 multis
660 724 971 796 timendi
1021 725 1286 798 adtulit
1327 748 1595 813 causas,
1648 727 1899 800 timere
1932 751 2161 822 posse.

233 834 589 930 Undique
625 859 758 908 nos
793 835 1249 909 reducamus:
1286 857 1441 908 non
1478 835 1717 909 minus
1744 838 2160 930 contemni,

233 967 468 1038 quam
493 946 745 1037 suspici
763 997 786 1034 ‚
815 959 1055 1018 nocet.
2020 947 2033 984 ἲ

335 1049 456 1120 Ad
477 1051 1006 1146 philosophiam
1047 1075 1217 1149 ergo
1246 1051 1814 1152 confugiendum
1837 1069 1979 1127 estz
2022 1054 2157 1128 hae

233 1159 520 1248 literae,
554 1185 708 1233 non
752 1161 916 1232 dico
949 1161 1153 1264 apud
1184 1163 1450 1251 bonos,
1498 1162 1623 1234 sed
1654 1164 1852 1258 apud
1878 1161 2163 1236 medio·-

231 1271 745 1362 criter·-malos,
783 1273 1177 1346 infitiatum
1217 1275 1382 1345 loco
1414 1291 1600 1348 sunt.
1644 1273 1835 1345 Nam
1866 1272 2158 1346 forensi·

233 1380 688 1475 eloquentia,
717 1395 792 1452 et
808 1404 1156 1474 quaecum
1165 1407 1306 1476 que
1319 1381 1450 1454 alia
1468 1386 1827 1478 populum
1853 1397 2105 1454 movet
2126 1429 2153 1470 ,

231 1489 658 1564 adversarios
704 1491 968 1568 habetz
1030 1493 1236 1580 haec,
1291 1492 1533 1584 quieta
1574 1508 1645 1562 et
1688 1490 1797 1561 sui
1836 1489 2159 1586 negotii,

231 1599 606 1674 contemni
639 1627 793 1674 non
839 1621 1112 1698 potest3
1154 1604 1268 1676 cui
1318 1604 1411 1678 ab
1457 1603 1797 1675 omnibus
1840 1602 2155 1690 artibus,

231 1711 451 1782 etiam
492 1713 689 1808 apud
741 1713 1113 1806 pessimos,
1161 1715 1392 1785 honor
1428 1731 1547 1784 est.
1607 1711 2033 1804 Numquam
2078 1711 2161 1783 in

229 1835 537 1891 tanturn
548 1823 988 1894 convalescet
1012 1821 1369 1916 nequitia,
1410 1843 1816 1913 numquam
1850 1819 1946 1890 sic
1978 1841 2159 1891 con-

227 1941 334 1998 tra
357 1927 658 1998 virtutes
677 1927 1198 2016 coniurabitur,
1230 1944 1316 2000 ut
1333 1952 1485 2000 non
1511 1928 2002 2024 philosophiae
2020 1951 2161 2006 no·

229 2059 407 2108 men
431 2037 836 2109 venerabile
870 2055 942 2110 et
967 2027 1241 2110 sacrum
1265 2049 1569 2112 maneat.
1622 2039 1958 2110 Ceterum
1993 2039 2159 2135 phi·
2194 2085 2205 2096 »

226 2145 562 2239 Iosophia
590 2145 732 2248 ipsa
759 2146 1139 2239 tranquille
1165 2145 1638 2238 modesteque
1658 2142 2013 2224 tractanda
2032 2163 2155 2218 est.

237 2289 316 2308 -·
365 2252 577 2360 Quid
605 2279 772 2352 ergo
794 2255 828 2325 ξ’
874 2255 1142 2348 inquis,
1185 2253 1477 2328 videtur
1502 2254 1637 2325 tibi
1670 2253 1949 2326 Marcus
1972 2251 2157 2361 Cato

223 2361 560 2435 modeste
586 2363 1109 2457 philosopha-ri,
1151 2365 1279 2459 qui
1303 2361 1577 2437 bellum
1617 2361 1825 2436 civile
1861 2377 2153 2435 senten-

223 2471 326 2543 tia
347 2494 471 2544 sua
499 2470 817 2565 reprimit
835 2472 870 2540 ξ’
910 2472 1042 2565 qui
1067 2471 1460 2543 furentium
1496 2472 1911 2566 principum
1949 2474 2157 2542 armis

223 2580 514 2653 medius
531 2578 916 2651 intervenit
932 2580 967 2651 Ρ
1007 2580 1139 2673 qui
1151 2581 1300 2653 aliis
1318 2581 1751 2676 Pompeium
1778 2578 2159 2653 offenden-

223 2690 424 2761 tibus
439 2741 460 2777 ,
487 2688 634 2761 aliis
661 2690 1020 2763 Caesarem
1045 2742 1070 2781 ‚
1091 2692 1597 2791 simullacessit
1620 2692 1803 2777 duos
1824 2692 1861 2763 Ρ
1893 2730 1967 2748 -
2002 2692 2146 2765 Po·-

223 2813 364 2871 test
391 2798 648 2891 aliquis
681 2796 1040 2892 disputare
1053 2847 1078 2887 ‚
1125 2822 1216 2869 an
1254 2798 1380 2871 illo
1414 2816 1745 2893 tempore
1789 2820 2157 2893 capessen-

227 2906 323 2979 da
349 2908 568 2982 fuerit
589 2909 884 3003 sapienti
913 2908 1330 3003 respublica.
1361 2910 1571 3014 Quid
1605 2906 1737 2981 tibi
1774 2907 1879 2980 vis
1912 2907 2152 2981 Marce

219 3014 460 3095 Cato?
495 3018 640 3090 iam
673 3042 826 3092 non
851 3016 1081 3116 agitur
1107 3018 1202 3089 de
1227 3016 1593 3097 libertate;
1631 3017 1805 3088 olim
1832 3026 2157 3109 pessum·-

224 3128 390 3202 data
419 3133 559 3202 eet!
603 3130 970 3224 quaeritur
992 3178 1019 3217 ‚
1047 3146 1290 3201 utrum
1317 3130 1601 3215 Caesar,
1642 3148 1731 3196 an
1768 3125 2155 3219 Pompeius

221 3238 582 3335 possideat
607 3238 1155 3334 rempublicam.
1200 3237 1409 3359 Quid
1450 3235 1586 3307 tibi
1613 3258 1787 3307 cum
1826 3236 1952 3305 ista
1977 3256 2159 3309 con-

221 3347 612 3451 tentione?
647 3350 890 3419 nullae
925 3366 1152 3441 partes
1187 3366 1354 3421 tuae
1391 3361 1581 3417 sunt.
1612 3344 1992 3439 Dominus
2024 3343 2156 3413 eli·

221 3458 455 3557 gitur:
499 3456 684 3549 quid
711 3472 872 3545 tua,
919 3476 1078 3529 uter
1108 3458 1396 3531 vincat?
1450 3470 1695 3551 potest
1724 3453 1981 3525 melior
2003 3453 2157 3523 vin·
2234 3515 2239 3525 .

221 3592 382 3642 cere
401 3594 434 3655 3,
470 3592 625 3639 non
649 3584 889 3663 potest
919 3592 1070 3641 non
1093 3566 1296 3662 peior
1331 3592 1473 3639 esse
1490 3619 1517 3657 ,
1553 3564 1683 3658 qui
1706 3562 1981 3645 vicerit!
2031 3560 2157 3635 Ul·-
2198 3584 2201 3589 ·

222 3683 433 3753 timae
458 3700 691 3777 partes
710 3660 928 3781 adtigi
941 3680 1268 3767 Catonis;
1308 3680 1434 3752 sed
1459 3704 1554 3753 ne
1572 3680 1835 3773 priores
1850 3678 2153 3773 quidem

221 3792 398 3873 anni
417 3791 748 3885 fuerunt,
775 3794 906 3889 qui
929 3792 1323 3889 sapientem
1344 3792 1423 3863 in
1446 3791 1641 3865 illam
1674 3792 1993 3891 rapinam
2016 3792 2151 3865 rei-
