2809 4850
691 420 832 496 ²62
1021 353 2251 492 -1,.ANNAmsEN1÷-.<:AE.

686 582 1110 680 loquamur3
1149 577 1358 674 quod
1391 575 1804 681 loquimur,
1836 574 2257 660 sentimum
2300 593 2615 645 concor-

689 689 814 761 det
849 711 1080 780 sermo
1103 711 1276 758 curn
1299 687 1464 758 vita.
1521 685 1649 757 Ille
1672 684 2098 779 promissum
2132 707 2346 756 suum
2373 683 2616 775 inple-

685 800 832 884 vit,
863 797 1032 890 qui,
1062 811 1133 866 et
1159 819 1398 888 quum
1428 793 1665 866 videas
1692 794 1897 865 illum
1914 841 1937 880 ,
1968 809 2041 864 et
2062 817 2299 885 quum
2324 790 2613 877 audias,

685 908 882 980 idem
905 925 1026 978 est.
1053 903 1486 978 Videbimus
1517 905 1745 997 qualis
1766 903 1856 976 sit
1874 947 1897 990 ⁵
1924 920 2231 998 quantus
2250 903 2371 974 sit:
2415 925 2610 973 unus

684 1018 795 1090 sit.
839 1017 1013 1088 Non
1059 1014 1423 1088 delectent
1448 1013 1664 1087 verba
1704 1029 1939 1086 nostra
1956 1063 1980 1100 ‚
2028 1013 2155 1083 sed
2194 1011 2494 1106 prosint.
2534 1005 2611 1078 Si

684 1145 928 1199 tamen
965 1125 1378 1222 contingere
1405 1121 1816 1217 eloquentia
1834 1145 1985 1194 non
2016 1119 2321 1192 sollicito
2345 1134 2609 1213 potest,

687 1232 744 1306 si
769 1248 894 1302 aut
921 1246 1152 1324 parata
1177 1245 1280 1302 est
1307 1279 1332 1318 ,
1375 1245 1503 1300 aut
1529 1252 1750 1326 parvo
1782 1245 2096 1315 constat3
2135 1226 2354 1314 adsit,
2403 1240 2475 1295 et
2500 1247 2610 1294 res

685 1339 1190 1435 pulcherrimas
1209 1331 1695 1432 prosequatur}
1742 1333 1847 1408 Sit
1872 1336 2025 1406 talis
2040 1384 2064 1422 ,
2093 1349 2178 1408 ut
2202 1358 2309 1406 res
2334 1331 2608 1428 potius,

689 1477 909 1545 quam
935 1474 1042 1536 se,
1078 1449 1429 1525 ostendat.
1459 1447 1657 1521 Aliae
1691 1466 1869 1520 artes
1892 1447 1985 1518 ad
2015 1445 2385 1545 ingenium
2414 1457 2606 1514 totae

630 1565 638 1578 “
687 1562 1050 1658 pertinent
1072 1589 1093 1647 ;
1127 1562 1243 1634 hic
1269 1561 1490 1633 animi
1514 1562 1886 1660 negotium
1912 1560 2158 1658 agitur.
2188 1557 2365 1628 Non
2390 1575 2607 1649 quae-

687 1673 785 1746 rit
813 1695 1016 1768 aeger
1037 1671 1400 1744 medicum
1432 1674 1934 1770 eloquentemi
1966 1667 2127 1760 [sed
2152 1681 2518 1738 sanantem
2540 1669 2602 1754 ε]

689 1781 816 1852 sed
841 1782 896 1852 si
923 1783 1020 1851 ita
1059 1783 1449 1876 competit,
1482 1801 1565 1852 ut
1602 1781 1797 1852 idem
1826 1781 1990 1868 ille,
2038 1780 2166 1873 qui
2204 1801 2447 1849 sanare
2470 1799 2605 1870 po-

690 1907 830 1963 test
850 1946 868 1977 ‚
900 1909 1139 1963 comte
1173 1893 1266 1962 de
1293 1892 1435 1979 his,
1475 1917 1659 1985 quae
1694 1855 2016 1964 ffiienda
2042 1908 2243 1978 sunt,
2284 1889 2605 1974 disserat,

692 1999 872 2072 boni
897 2005 1239 2074 consulet.
1279 2002 1451 2072 Non
1492 2019 1733 2072 tamen
1758 2000 1891 2071 erit
1916 2053 1940 2092 ‚
1974 2023 2196 2094 quare
2219 2000 2607 2095 gratuletur

693 2109 830 2180 sibi
849 2160 874 2197 ‚
896 2109 1098 2202 quod
1129 2109 1461 2181 inciderit
1481 2111 1557 2180 in
1590 2109 1954 2180 medicum
1983 2108 2194 2179 etiam
2224 2107 2601 2178 disertum:

611 2313 616 2320 .
691 2222 838 2292 hoc
861 2222 1056 2292 enim
1083 2223 1222 2292 tale
1251 2238 1352 2290 est
1369 2271 1390 2306 ,
1420 2223 1633 2314 quale
1658 2220 1712 2289 si
1752 2221 2017 2313 peritus
2046 2218 2481 2316 gubernator
2502 2232 2608 2287 et-

692 2331 1211 2422 iam—formosus
1235 2313 1356 2402 est.
1401 2329 1609 2437 Quid
1638 2353 1833 2402 aures
1872 2355 2061 2402 meas
2084 2329 2381 2422 scalpis?
2426 2327 2605 2420 quid

577 2528 582 2535 Ι
693 2440 1052 2512 oblectas?
1081 2439 1275 2511 aliud
1297 2440 1561 2537 agitur:
1596 2441 1953 2527 urendus,
1985 2440 2356 2525 secandus,
2398 2438 2608 2509 absti-

693 2548 982 2621 nendus
1011 2574 1212 2621 sum:
1254 2548 1349 2617 ad
1379 2552 1552 2621 haec
1584 2550 1946 2621 adhibitus
1964 2573 2071 2633 εις
2108 2570 2351 2619 curare
2390 2547 2606 2617 debes

693 2654 1041 2726 morbum
1091 2673 1448 2746 veterem,
1494 2682 1815 2756 gravem,
1858 2658 2277 2751 publicum:
2322 2676 2605 2729 tantum

647 2848 653 2854 ‚
693 2764 967 2859 negotii
1007 2764 1290 2853 habes,⁸
1309 2780 1664 2857 quantum
1710 2765 1786 2837 in
1823 2764 2225 2860 pestilentia
2268 2765 2606 2839 medicus.

697 2865 899 2943 Circ'a
930 2873 1149 2944 verba
1185 2892 1573 2969 occupatus
1612 2875 1727 2947 es?
1779 2875 2209 2947 iamdudum
2243 2872 2513 2973 gaude,
2552 2874 2612 2945 si

693 2980 946 3052 sufficis
995 2980 1226 3053 rebus.
1295 2983 1617 3087 Quando
1658 2984 1887 3055 multa
1932 2982 2205 3055 disces?
2262 2982 2563 3076 quando
2585 3032 2613 3069 ‚
2664 3033 2683 3047 κ
2780 2942 2782 3005 3

697 3115 888 3183 quae
913 3091 1272 3181 didiceris,
1317 3094 1578 3191 adfiges
1618 3096 1800 3184 tibi,
1838 3097 1933 3168 ita
1967 3096 2419 3169 utexcidere
2456 3118 2613 3166 non

693 3202 1020 3297 possint?
1068 3204 1366 3298 quando
1412 3207 1528 3276 illa
1572 3206 1997 3300 experieris?
2036 3208 2207 3278 Non
2248 3210 2485 3293 enim,
2524 3224 2613 3277 ut

695 3328 958 3397 cetera,
1013 3316 1402 3388 memoriae
1450 3316 1813 3389 tradidisse
1862 3320 2019 3391 satis
2068 3335 2211 3403 est3
2265 3318 2342 3387 in
2392 3340 2613 3411 opere

695 3420 1038 3503 tentanda
1067 3438 1253 3497 sunt.
1296 3424 1472 3497 Non
1496 3444 1598 3499 est
1626 3426 1877 3502 Beatus
1898 3478 1919 3517 ,
1944 3428 2074 3522 qui
2108 3427 2237 3501 scit
2274 3427 2395 3498 illa
2418 3476 2447 3517 ‚
2480 3425 2617 3497 sed

693 3533 828 3623 qui
863 3532 1049 3604 facit.

777 3642 1004 3745 Quid
1037 3644 1250 3743 ergo?
1286 3644 1462 3717 infra
1490 3646 1694 3716 illum
1730 3646 1911 3717 nulli
1940 3645 2197 3745 gradus
2218 3647 2437 3719 sunt?
2475 3662 2623 3719 sta-

694 3746 827 3819 tim
867 3776 908 3820 a
941 3752 1293 3846 Sapientia
1329 3780 1658 3849 praeceps
1694 3776 1792 3827 est
1812 3758 1849 3825 ?
1881 3794 1951 3811 -—
2006 3759 2173 3829 Non
2194 3809 2218 3846 ‚
2256 3774 2339 3829 ut
2372 3759 2623 3833 existi-

693 3878 868 3938 moz
910 3882 1079 3933 nam
1121 3866 1251 3955 qui
1287 3865 1611 3960 proficit,
1658 3866 1734 3939 in
1764 3890 2069 3941 numero
2106 3867 2409 3963 quidem
2444 3870 2627 3939 stul-
