2809 4850
667 368 768 442 42
1055 343 1142 416 L.
1188 339 1631 418 ANNAm
1674 336 2196 416 SENECAE

671 525 792 576 rna
815 525 945 597 per
965 518 1288 578 senatum
1318 502 1785 600 transigantur
1804 551 1831 592 ,
1870 501 2151 602 gratiosi
2175 502 2255 574 in
2295 525 2387 575 eo
2414 503 2591 590 viri3

671 611 1038 686 interdum
1077 612 1380 710 singuli,
1422 612 1691 705 quibus
1724 629 2032 708 potestas
2067 613 2363 707 populi,
2406 613 2591 683 etin

673 723 1038 816 populum
1055 771 1080 810 ,
1119 721 1282 792 data
1327 737 1451 792 est.
1484 721 1635 792 Hos
1680 745 1931 793 omnes
1982 722 2243 794 amicos
2277 719 2547 792 habere
2564 767 2595 806 ,

671 853 1058 924 operosum
1085 848 1219 902 est:
1254 832 1411 904 satis
1442 847 1579 919 est,
1610 829 2116 915 inimicosnon
2142 830 2423 902 habere.
2456 828 2599 898 Ita·

675 947 826 1031 que
887 938 1158 1033 sapiens
1189 954 1609 1031 numquam·
1624 935 2040 1030 potentium
2078 939 2203 1008 iras
2242 957 2598 1031 provoca·-

675 1046 826 1118 bit:
873 1047 1100 1118 immo
1141 1045 1529 1118 declinabit
1551 1094 1575 1133 ,
1628 1067 1783 1116 non
1824 1046 2025 1118 aliter
2063 1070 2283 1139 quam
2337 1047 2415 1117 in
2438 1033 2443 1046 '
2466 1069 2601 1116 na·-

674 1155 985 1254 vigando
1011 1148 1419 1251 procellam.
1470 1156 1727 1261 Quum
1750 1172 2025 1249 peteres
2058 1153 2366 1226 Siciliam
2387 1205 2412 1242 ‚
2451 1168 2604 1226 tra-

675 1263 898 1336 iecisti
939 1263 1224 1338 fretum.
1278 1264 1725 1336 Temerarius
1779 1264 2213 1360 gubernator
2260 1281 2603 1336 contem-

676 1373 768 1444 sit
801 1374 1016 1444 austri
1039 1373 1298 1458 minas3
1351 1374 1515 1469 (ille
1554 1391 1655 1445 est
1680 1374 1916 1461 enim,
1950 1374 2082 1466 qui
2104 1368 2429 1446 Siculum
2462 1397 2605 1467 pe-

675 1479 875 1576 lagus
907 1497 1311 1573 exasperet,
1358 1497 1433 1553 et
1472 1481 1548 1552 in
1584 1481 1885 1553 vortices
1926 1481 2209 1578 cogatt)
2250 1501 2404 1550 non
2426 1480 2605 1552 sini-

675 1601 904 1658 strum
934 1585 1145 1679 petiit
1176 1588 1402 1674 littus,
1451 1588 1573 1659 sed
1609 1588 1683 1657 id
1704 1639 1729 1674 ,
1768 1611 1925 1680 quo
1948 1588 2244 1682 propior
2272 1587 2607 1680 Charyb-

679 1691 791 1764 dis
825 1695 1046 1774 mazia
1081 1698 1483 1768 convolvitz
1534 1698 1762 1777 atille
1800 1697 2078 1768 cautior
2100 1697 2361 1788 peritos
2402 1698 2604 1766 loco-

611 1857 614 1862 -
677 1827 848 1876 rum
869 1817 1106 1901 rogat,
1131 1803 1260 1896 qui
1283 1821 1511 1874 aestus
1531 1804 1619 1875 sit
1635 1855 1660 1892 ‚
1696 1829 1884 1897 quae
1902 1807 2094 1904 signa
2118 1806 2293 1876 dent
2320 1806 2555 1876 nubes
2575 1831 2605 1892 ς

680 1929 756 1984 et
781 1914 995 2010 longe
1017 1913 1112 1984 ab
1150 1913 1267 1982 illa
1289 1914 1578 2010 regione
1612 1913 2001 1984 vorticibus
2028 1913 2276 1986 infami
2302 1933 2605 1985 cursum

679 2039 902 2094 tenet.
949 2021 1154 2094 Idem
1191 2019 1356 2094 facit
1395 2023 1701 2117 sapiens:
1748 2025 2145 2117 nocituram
2191 2025 2604 2119 potentiam

680 2133 894 2217 vitat,
944 2132 1086 2202 hoc
1131 2131 1451 2224 primum
1492 2155 1743 2202 cavens
1778 2181 1803 2218 ,
1850 2155 1948 2203 ne
1989 2132 2209 2204 vitare
2248 2131 2603 2212 videatur.

679 2243 842 2314 Pars
865 2241 1058 2312 enim
1083 2240 1470 2313 securitatis
1502 2243 1669 2313 etin
1694 2243 1833 2316 hoc
1860 2260 1963 2315 est
1984 2294 2006 2328 ,
2036 2266 2193 2314 non
2216 2267 2309 2314 ex
2332 2242 2607 2337 profes·

679 2376 757 2422 so
789 2375 946 2422 eam
991 2368 1272 2446 petere;
1319 2351 1487 2444 quia
1506 2402 1529 2440 ,
1571 2376 1753 2447 quae
1802 2355 1960 2447 quis
2002 2341 2231 2451 fugit,⁸
2282 2352 2606 2427 damnat.

613 2496 622 2511 ν
682 2462 1425 2557 Circumspiciendum
1480 2488 1653 2562 ergo
1694 2465 1903 2536 nobis
1946 2481 2085 2551 est,
2128 2466 2517 2558 quomodo
2558 2490 2606 2537 a

679 2576 902 2671 vulgo
929 2573 1072 2645 tuti
1089 2598 1230 2646 esse
1252 2573 1615 2669 possimus.
1641 2574 1969 2646 Primum
1993 2574 2173 2647 nihil
2198 2574 2397 2647 idem
2420 2596 2637 2647 con·x

681 2680 1158 2775 cupiscamus:
1203 2680 1348 2751 rixa
1379 2698 1482 2752 est
1513 2680 1700 2754 inter
1742 2676 2267 2775 competitores.
2312 2681 2605 2753 Deinde
2651 2719 2654 2722 ·

681 2793 864 2865 nihil
905 2783 1294 2864 habeamus
1331 2791 1539 2885 quod
1580 2818 1747 2864 cum
1782 2815 2043 2890 magno
2096 2794 2603 2888 emolumento

680 2901 1068 2975 insidiantis
1087 2901 1266 2995 eripi
1288 2904 1539 2998 possiti
1582 2928 1801 2998 quam
1822 2905 2209 2977 minimum
2230 2903 2317 2975 sit
2344 2903 2418 2972 in
2444 2924 2607 2973 cor·

681 3034 860 3106 porc
887 3026 1020 3083 tuo
1043 3010 1476 3105 spoliorum!
1506 3012 1749 3085 Nemo
1768 3012 1860 3083 ad
1887 3013 2293 3085 humanum
2316 3009 2605 3108 sangui-

683 3145 856 3193 nem
889 3138 1182 3215 propter
1216 3122 1452 3215 ipsum
1492 3120 1727 3209 venit,
1764 3138 1890 3193 aut
1916 3121 2314 3193 admodum
2342 3122 2607 3215 pauci;

682 3232 922 3327 plures
949 3247 1380 3325 computant
1399 3281 1425 3320 ‚
1476 3255 1697 3324 quam
1719 3234 2065 3305 oderunt:
2103 3218 2393 3303 nudum
2420 3233 2607 3303 latro

683 3338 1127 3425 transmitti&
1170 3340 1384 3411 etiam
1425 3339 1502 3411 in
1536 3340 1809 3411 obsessa
1835 3339 1947 3411 via
1971 3340 2267 3433 pauperi
2298 3362 2446 3433 paxae
2476 3356 2607 3411 est.

684 3449 855 3522 Tria
883 3447 1144 3525 deinde
1164 3500 1187 3536 ,
1225 3473 1318 3521 ex
1343 3451 1849 3544 praeceptione
1888 3447 2152 3537 veteri,
2185 3445 2609 3542 praestanda

685 3574 856 3631 sunt
897 3560 992 3631 'ut
1035 3556 1385 3629 vitentur:
1458 3556 1713 3627 odium
1734 3603 1756 3643 ,
1805 3554 2115 3645 invidia,
2166 3568 2609 3628 contemtus.

687 3668 1093 3769 Quomodo
1113 3668 1253 3741 hoc
1275 3666 1425 3761 fiat,
1438 3666 1773 3761 sapientia
1794 3669 1939 3743 sola
1965 3663 2408 3771 monstrabit.
2437 3664 2612 3735 Dif-

688 3773 880 3847 ficile
913 3777 1108 3849 enim
1149 3788 1805 3871 temperamentum
1828 3789 1969 3863 est3
2014 3768 2643 3866 verendumquej'
