2809 4850
738 349 876 450 338
1110 346 1195 420 L
1240 346 1684 422 ANNAm
1729 345 2260 426 SENECA-2·
2317 292 2330 302 ⁹

730 513 988 584 ncelere
1022 531 1303 582 servum
1338 509 1590 584 vivum
1616 508 1825 580 lavari
1855 494 2204 605 opor'teat.
2245 509 2458 582 Nihil
2479 512 2652 584 mihi

731 617 1017 691 videtur
1044 617 1185 686 iam
1208 614 1572 704 interesse,
1603 615 1844 688 ardeat
1867 616 2208 688 balneum
2229 668 2255 705 ‚
2287 641 2385 688 an
2413 621 2650 690 mleat.

730 731 1061 836 Quantae
1084 747 1281 800 nunc
1304 727 1530 818 aliqui
1553 726 1948 800 rusticitatis
1985 727 2332 800 damnant
2369 727 2650 822 Scipio-

724 863 897 912 nem
916 890 939 926 ‚
972 835 1185 930 quod
1216 857 1371 908 non
1388 834 1467 906 in
1489 835 1882 908 caldarium
1907 861 2120 910 suum
2145 838 2300 910 latis
2323 842 2646 932 specula·

722 945 923 1022 ribus
950 943 1163 1030 ‚diem
1200 942 1610 1017 admiserat!
1661 943 1872 1037 quod
1903 967 2056 1019 non
2095 945 2172 1014 in
2209 946 2452 1016 multa
2489 949 2644 1020 luce

726 1053 1311 1148 decoquebatur,
1342 1068 1418 1126 et
1461 1053 1916 1149 exspectabat
1929 1101 1956 1141 ‚
1986 1071 2070 1124 ut
2105 1052 2186 1126 in
2219 1054 2494 1126 balneo
2531 1079 2642 1127 co-

726 1165 1107 1262 queretur}
1150 1163 1225 1234 Ο
1266 1163 1640 1236 hominem
1679 1163 2206 1238 calamitosum!
2259 1165 2518 1238 nesciit
2538 1169 2640 1238 vi-

722 1277 936 1354 vere!
970 1274 1137 1346 Non
1158 1291 1416 1346 saccata
1439 1297 1626 1366 aqua
1653 1273 2016 1348 lavabatur
2037 1322 2064 1362 ‚
2091 1274 2220 1350 sed
2251 1301 2471 1370 saepe
2493 1295 2637 1352 tut-

720 1383 927 1472 bida,
950 1399 1055 1472 et,
1088 1406 1319 1476 quum
1352 1383 1636 1475 plueret
1671 1382 2165 1456 vehementius
2183 1435 2210 1473 ,
2246 1409 2486 1479 paene
2519 1389 2632 1458 lu-

718 1492 1029 1568 tulenta!
1070 1490 1229 1566 Nec
1262 1492 1582 1563 multum
1605 1489 1754 1564 eius
1777 1489 2110 1564 intererat
2127 1543 2152 1582 ‚
2197 1517 2290 1566 an
2315 1495 2416 1566 sic
2447 1497 2630 1566 lava-

714 1620 957 1690 netun
990 1600 1327 1674 veniebat
1354 1601 1550 1672 enim
1569 1650 1593 1687 ‚
1625 1621 1710 1672 ut
1733 1601 2068 1674 sudorem
2094 1602 2239 1676 illic
2263 1604 2626 1697 ablueret,

716 1737 875 1790 non
898 1729 984 1786 ut
1015 1729 1491 1809 unguentum.
1515 1711 1730 1814 'Quas
1753 1735 1951 1785 nunc
1978 1716 2482 1807 quorumdam
2523 1717 2626 1788 fu-

714 1839 907 1896 tutan
926 1843 1133 1894 voces
1156 1819 1377 1892 credis
1393 1819 1428 1890 Ρ
1461 1869 1514 1909 „
1535 1820 1709 1892 Non
1735 1819 2028 1892 invideo
2061 1819 2428 1917 Scipioni:
2472 1849 2624 1898 vete

714 1935 795 2010 in
818 1935 1063 2008 exsilio
1088 1932 1293 2024 vixit,
1325 1932 1458 2026 qui
1481 1932 1577 2005 sic
1598 1931 2048 2004 lavabatur.“
2074 1933 2338 2023 Imm0‚
2357 1935 2420 2005 si
2441 1935 2624 2025 scias,
2761 1943 2763 1948 ’

712 2068 867 2118 non
895 2042 1223 2138 quotidie
1256 2043 1657 2118 lavabatur!
1693 2043 1912 2132 Nam,
1965 2061 2050 2116 ut
2071 2045 2276 2118 aiunt
2309 2045 2448 2140 qui
2482 2049 2624 2141 pri-

710 2179 863 2230 scos
906 2179 1139 2228 mores
1181 2153 1390 2227 Urbis
1437 2155 1923 2242 tradiderunt,
1976 2154 2256 2230 brachia
2307 2174 2382 2230 et
2431 2183 2620 2232 crura

710 2263 1045 2360 quotidie
1088 2264 1478 2336 abluebant
1497 2315 1522 2352 ,
1573 2287 1759 2356 quae
1809 2261 2074 2335 scilicet
2121 2265 2362 2338 sordes
2409 2290 2619 2360 opere

710 2376 1203 2471 conlegerant3
1249 2389 1568 2448 ceterum
1623 2374 1787 2448 toti·
1801 2371 2142 2445 nundinis
2178 2374 2618 2447 lavabantur.

706 2482 875 2555 Hoc
894 2485 1059 2553 loco
1085 2480 1276 2552 dicet
1312 2484 1610 2575 aliquis=
1661 2532 1716 2571 ‚,
1736 2482 2002 2576 Liquet
2043 2484 2618 2557 inmundissimos

704 2592 932 2665 fuisse.
986 2590 1193 2699 Quid
1222 2608 1432 2684 putas
1479 2593 1634 2667 illos
1675 2593 1978 2665 eluisse?
2002 2601 2054 2641 “
2111 2594 2499 2695 Militiam,
2523 2597 2612 2667 la-

702 2700 996 2790 horem,
1022 2700 1292 2779 virum!
1323 2702 1712 2796 Postquam
1749 2704 2025 2779 munda
2047 2704 2306 2778 balnea
2329 2706 2611 2779 inventa

702 2826 874 2882 sunt
896 2860 920 2897 ‚
956 2806 1347 2903 spurciores
1384 2828 1568 2883 sunt.
1618 2812 2113 2906 Descripturus
2153 2812 2506 2888 infamem
2545 2832 2612 2887 et

700 2921 913 2996 nimis
968 2917 1361 2992 notabilem
1409 2917 1670 2993 deliciis
1717 2921 2152 2995 Hoanms
2201 2920 2608 3011 Fucens,

696 3032 879 3127 quid
908 3030 1011 3105 ait
1028 3032 1063 3103 Ρ
1627 3040 1642 3052 “

936 3140 1247 3214 Pastillos
1276 3143 1562 3243 Rufillus
1583 3145 1754 3217 olet!
1788 3184 1860 3199 —
1899 3184 1973 3201 -

693 3246 913 3322 Dares
934 3270 1131 3318 nunc
1152 3246 1535 3337 Rufillum3
1565 3254 1868 3345 perinde
1895 3268 2070 3329 esset
2088 3302 2114 3343 ,
2139 3247 2300 3325 ac’si
2323 3253 2600 3327 hircum

692 3358 919 3427 oleret
946 3371 1021 3427 et
1048 3352 1391 3452 Gorgonii
1427 3358 1594 3433 loco
1631 3376 1843 3447 esset,
1875 3384 2098 3453 quem
2140 3360 2601 3433 idemHora-

690 3466 833 3539 tius
852 3464 1120 3537 Rufino
1148 3466 1512 3559 obposuit.
1533 3469 1788 3541 Parum
1807 3490 1910 3541 est
1924 3520 1946 3557 ,
1969 3495 2248 3543 sumere
2274 3494 2601 3569 unguen·

687 3591 889 3663 tum;
924 3576 1003 3651 ni
1036 3576 1139 3649 bis
1170 3574 1287 3647 die
1328 3593 1583 3671 terque
1628 3598 2012 3655 renovetur
2033 3635 2056 3669 ,
2095 3606 2188 3653 ne
2229 3598 2602 3677 evanescat

685 3680 765 3751 in
786 3708 1105 3781 corpore.
1136 3685 1388 3790 Quid,
1425 3691 1634 3783 quod
1671 3691 1898 3767 iidem
1941 3693 2084 3767 hoc
2112 3690 2386 3783 odore,
2421 3708 2602 3765 tam·

688 3812 911 3883 quam
929 3818 1105 3887 suo,
1132 3797 1572 3894 glutiantur?
