2809 4850
731 400 818 480 μ
1100 377 1183 449 L
1230 373 1685 448 ΛΝΝΑΕι
1732 370 2271 452 SENECAE·

721 569 892 621 cum
921 539 1179 616 cecinit
1201 589 1227 630 ,
1265 539 1398 612 scit
1420 563 1575 612 non
1595 563 1671 612 se
1694 539 1846 635 peti
1867 565 1888 625 ς
1934 564 2172 634 quum
2198 541 2435 634 aliqua
2460 559 2642 610 con-

721 652 1050 728 clamatio
1074 662 1216 738 est,
1243 646 1627 742 quomodo
1662 662 1869 720 exeat
1884 701 1907 734 ,
1958 672 2118 721 non·
2140 647 2323 742 quid
2346 647 2598 722 efferat
2622 699 2645 737 ,

707 761 1022 862 quaerit.
1053 757 1131 832 si
1147 755 1637 858 navigandum
1662 773 1767 829 est
1792 792 1818 846 ,-
1843 781 1993 831 non
2012 769 2343 852 strepunt
2362 773 2644 852 portus,

718 887 860 950 nec
879 872 1094 948 unius
1114 869 1463 944 comitatu
1488 867 1815 962 inquieta
1832 881 2003 940 sunt
2028 867 2305 940 littora:
2332 891 2491 950 non
2512 868 2645 939 cir·

717 997 1027 1058 cumstat
1055 981 1264 1053 illum
1300 977 1510 1050 turba
1546 1001 1915 1050 servotum
1932 1030 1957 1065 ,
1992 977 2089 1050 sd
2120 999 2305 1070 quos
2348 999 2643 1072 pascen-

717 1091 850 1166 dos
872 1089 1491 1166 transmarinarum
1514 1087 1893 1188 regionum
1919 1103 2023 1159 est
2052 1086 2366 1182 optanda
2390 1085 2644 1160 fertili-

598 1181 612 1198 ’
716 1201 1095 1294 tas.'Facile
1125 1216 1225 1272 est
1255 1205 1543 1294 pascere,
1568 1205 1833 1292 paucos
1867 1188 2145 1268 {senties
2166 1248 2189 1284 ,
2218 1212 2291 1268 et
2313 1195 2509 1268 bene
2538 1199 2645 1269 in·

641 1387 644 1390 ,
713 1313 1034 1402 stitutoS,
1065 1327 1138 1382 et
1161 1307 1344 1382 nihil
1366 1308 1562 1414 aliud
1589 1305 2057 1379 desiderantes
2076 1357 2097 1394 ,
2131 1331 2350 1400 quarn
2378 1306 2643 1400 imple-

714 1424 794 1495 ri.
823 1423 1051 1496 Parvo
1071 1419 1290 1492 fames
1310 1435 1589 1491 constat
1593 1417 1899 1516 ‚Hnagno
1920 1417 2300 1489 fastidium.
2328 1418 2645 1512 Pauper..

712 1527 816 1602 tals
839 1543 1178 1600 contenta
1203 1544 1306 1600 est
1330 1525 1687 1599 desideriis
1714 1523 2133 1630 instantibus
2162 1525 2567 1600 satisfacere.

817 1637 1027 1742 Quid
1054 1653 1156 1708 est
1184 1659 1351 1733 ergo
1386 1658 1606 1727 quare
1644 1636 1824 1706 hanc
1854 1621 2131 1706 recuses
2158 1633 2673 1708 contuberna-·

709 1751 894 1834 lem,
918 1745 1123 1818 cuius
1139 1751 1379 1816 mores
1401 1749 1607 1814 s‘affiis
1628 1725 1841 1814 dives
1864 1742 2229 1817 inritatur?
2275 1741 2353 1814 Si
2386 1744 2493 1815 vis
2516 1769 2639 1816 va-

711 1867 866 1929 ca're
887 1853 1173 1940 animo,
1211 1871 1346 1927 aut
1379 1878 1655 1949 pauper
1694 1854 1779 1926 sis
1814 1867 2147 1948 oportet,
2186 1869 2311 1926 aut
2338 1855 2639 1952 pauperi

710 1952 971 2038 similis.
1007 1961 1082 2034 N
1087 1986 1185 2032 on
1209 1974 1451 2055 potest
1475 1959 1794 2034 studium
1816 1962 2112 2034 salutare
2136 1941 2287 2034 fieri
2310 1962 2465 2034 sine
2489 1961 2639 2032 sru-

709 2073 1007 2175 galitatis
1025 2095 1236 2143 curat
1269 2069 1621 2166 frugalitas
1645 2084 1889 2140 autem
1915 2116 1940 2158 ‚
1978 2075 2641 2167 paupertas‘volun·

710 2181 884 2259 tatia
907 2195 1032 2254 est.
1061 2177 1272 2248 Tolle
1296 2176 1544 2268 itaque
1570 2177 1726 2276 istas
1746 2179 2270 2249 excusationes:
2308 2225 2363 2268 ‚,
2378 2179 2639 2284 Quan-

709 2307 870 2360 tum
893 2302 997 2358 sat
1017 2299 1119 2358 est
1136 2335 1159 2372 ,
1193 2283 1528 2380 nondum
1556 2283 1826 2364 habeo:
1854 2284 1909 2356 si
1935 2285 2027 2356 ad
2054 2287 2251 2358 illam
2273 2309 2631 2360 summam

766 2417 1149 2483 e‚rvenero
1177 2409 1356 2465 tunc
1389 2418 1511 2465 me
1546 2409 1787 2466 totum
1816 2393 2312 2491 philosophiae
2339 2393 2559 2469 dabo.
2584 2403 2633 2443 ‘⁶

708 2421 941 2599 atqui
963 2502 1137 2575 nihil
1157 2502 1381 2597 prius,
1412 2526 1629 2595 quam
1657 2500 1819 2588 hoe,
1842 2502 2243 2605 parandum
2272 2518 2403 2591 est,
2422 2505 2635 2597 quod

707 2628 794 2685 tu
822 2610 1052 2685 differs
1071 2626 1146 2681 et
1161 2624 1327 2703 post
1349 2625 1579 2683 cetera
1596 2634 1831 2704 paras·
1810 2660 1831 2696 ,
1860 2610 1952 2683 ab
1969 2610 2111 2683 hoc
2130 2610 2633 2705 incipiendum

711 2738 836 2795 est.
817 2720 1236 2811 .„Parare,
1217 2720 1491 2811 inquis,
1514 2719 1711 2791 unde
1729 2718 1999 2809 vivam,
2020 2722 2212 2793 volo.
2214 2728 2369 2773 “-
2394 2716 2633 2793 Simul

711 2848 786 2904 et
807 2854 1046 2937 parare
1065 2826 1290 2901 disce!
1330 2827 1406 2900 Si
1432 2829 1615 2923 quid
1642 2846 1715 2902 te
1737 2844 1929 2903 vetat
1950 2830 2141 2904 bene
2170 2832 2448 2921 vivere,
2500 2832 2635 2903 be·
2656 2914 2671 2929 .

709 2963 802 3013 ne
822 2939 1009 3009 mori
1030 2958 1183 3009 non
1210 2951 1423 3008 vetat.-
1465 2938 1637 3009 Non
1659 2954 1761 3009 est
1792 2938 1994 3032 quod
2030 2962 2161 3009 nos
2186 2946 2569 3043 paupertas
2592 2964 2631 3009 a

709 3043 1166 3152 philosophia
1185 3062 1474 3117 revocet
1488 3096 1515 3131 ‚
1536 3068 1630 3115 ne
1644 3062 1905 3143 egestas
1930 3045 2147 3139 quid
2116 3070 2249 3116 em.
2280 3031 2631 3119 Toleran-

709 3154 803 3252 da
821 3172 924 3229 est
939 3155 1135 3251 euim
1147 3155 1245 3226 ad
1261 3158 1402 3225 hoc
1422 3154 1970 3248 properantibus
1990 3157 2104 3225 vel
2122 3153 2373 3241 fames5
2401 3172 2627 3249 quam

709 3266 1100 3342 toleravere
1113 3261 1413 3359 quidam
1438 3262 1515 3333 in
1538 3260 2057 3335 obsidionibus.
2088 3262 2183 3335 Et
2202 3264 2407 3357 quod
2429 3260 2629 3335 aliud

709 3386 860 3447 erat
894 3370 1081 3441 illius
1115 3369 1496 3465 patientiae
1534 3373 1931 3467 praemium
1957 3424 1980 3462 ,
2043 3398 2265 3469 quam
2316 3374 2395 3446 in
2434 3360 2631 3447 -arbi-

589 3522 596 3535 ι
709 3481 930 3553 trium
956 3502 1109 3552 non
1129 3478 1384 3551 cadere
1409 3482 1743 3555 victoris?
1772 3498 2049 3583 quanto
2072 3482 2211 3555 hoc
2237 3484 2464 3562 maius
2490 3500 2642 3571 est,

711 3595 882 3686 quo'
918 3588 1364 3691 promittitur
1408 3608 1753 3689 perpetua
1794 3590 2111 3681 libertas,
2168 3592 2437 3666 nullius
2472 3615 2629 3665 nec

709 3696 1016 3771 hominis
1041 3722 1175 3771 nec
1193 3698 1330 3771 Dei
1357 3698 1609 3771 timor!
1646 3697 2003 3795 Equidem
2029 3700 2147 3773 vel
2164 3698 2507 3773 esurienti
2528 3700 2625 3770 ad

707 3802 838 3891 ista
872 3808 1320 3905 veniendum
1357 3808 1833 3909 estanPerpessi
1868 3824 2037 3883 sunt
2078 3806 2425 3883 exercitus
2460 3808 2641 3885 inoe
