<?xml version="1.0" encoding="UTF-8"?>
<!DOCTYPE html PUBLIC "-//W3C//DTD XHTML 1.0 Transitional//EN"
    "http://www.w3.org/TR/xhtml1/DTD/xhtml1-transitional.dtd">
<html xmlns="http://www.w3.org/1999/xhtml" xml:lang="en" lang="en">
 <head>
  <title>
</title>
<meta http-equiv="Content-Type" content="text/html;charset=utf-8" />
  <meta name='ocr-system' content='tesseract 3.04.00' />
  <meta name='ocr-capabilities' content='ocr_page ocr_carea ocr_par ocr_line ocrx_word'/>
</head>
<body>
  <div class='ocr_page' id='page_1' title='image "./lannaeisenecaea01bipogoog_0081.png"; bbox 0 0 2809 4850; ppageno 0'>
   <div class='ocr_carea' id='block_1_1' title="bbox 561 301 2117 434">
    <p class='ocr_par' dir='ltr' id='par_1_1' title="bbox 561 301 2117 434">
     <span class='ocr_line' id='line_1_1' title="bbox 561 301 2117 434; baseline -0.001 -18"><span class='ocrx_word' id='word_1_1' title='bbox 561 334 1370 432; x_wconf 71' lang='lat' dir='ltr'><strong>EPJSTOLA</strong></span> <span class='ocrx_word' id='word_1_2' title='bbox 1464 301 1853 410; x_wconf 67' lang='lat' dir='ltr'>xqu&#39;</span> <span class='ocrx_word' id='word_1_3' title='bbox 2027 360 2117 434; x_wconf 58' lang='grc' dir='ltr'>γι</span> 
     </span>
    </p>
   </div>
   <div class='ocr_carea' id='block_1_2' title="bbox 191 499 2135 2138">
    <p class='ocr_par' dir='ltr' id='par_1_2' title="bbox 191 499 2135 2138">
     <span class='ocr_line' id='line_1_2' title="bbox 193 499 2127 598; baseline 0.001 -24"><span class='ocrx_word' id='word_1_4' title='bbox 193 503 340 598; x_wconf 84' lang='lat' dir='ltr'>qui</span> <span class='ocrx_word' id='word_1_5' title='bbox 356 553 382 593; x_wconf 88' lang='lat'>‚</span> <span class='ocrx_word' id='word_1_6' title='bbox 413 525 608 596; x_wconf 88' lang='lat' dir='ltr'>quae</span> <span class='ocrx_word' id='word_1_7' title='bbox 645 501 974 596; x_wconf 85' lang='lat' dir='ltr'>cupiere,</span> <span class='ocrx_word' id='word_1_8' title='bbox 1023 499 1450 596; x_wconf 84' lang='lat' dir='ltr'>deplorant,</span> <span class='ocrx_word' id='word_1_9' title='bbox 1498 517 1573 574; x_wconf 86' lang='lat' dir='ltr'>et</span> <span class='ocrx_word' id='word_1_10' title='bbox 1611 501 1703 574; x_wconf 88' lang='lat' dir='ltr'>de</span> <span class='ocrx_word' id='word_1_11' title='bbox 1730 525 1975 576; x_wconf 85' lang='lat' dir='ltr'>earum</span> <span class='ocrx_word' id='word_1_12' title='bbox 2012 527 2127 582; x_wconf 85' lang='lat' dir='ltr'>re-</span> 
     </span>
     <span class='ocr_line' id='line_1_3' title="bbox 191 612 2125 712; baseline -0.001 -24"><span class='ocrx_word' id='word_1_13' title='bbox 191 641 364 688; x_wconf 87' lang='lat' dir='ltr'>rum</span> <span class='ocrx_word' id='word_1_14' title='bbox 387 615 805 707; x_wconf 86' lang='lat' dir='ltr'>loquuntur</span> <span class='ocrx_word' id='word_1_15' title='bbox 829 612 994 712; x_wconf 86' lang='lat' dir='ltr'>fuga</span> <span class='ocrx_word' id='word_1_16' title='bbox 1014 663 1038 701; x_wconf 91' lang='lat'><strong>,</strong></span> <span class='ocrx_word' id='word_1_17' title='bbox 1059 614 1324 706; x_wconf 87' lang='lat' dir='ltr'>quibus</span> <span class='ocrx_word' id='word_1_18' title='bbox 1355 637 1588 687; x_wconf 86' lang='lat' dir='ltr'>carere</span> <span class='ocrx_word' id='word_1_19' title='bbox 1616 637 1769 692; x_wconf 84' lang='lat' dir='ltr'>non</span> <span class='ocrx_word' id='word_1_20' title='bbox 1788 633 2125 708; x_wconf 68' lang='lat' dir='ltr'>possuntt</span> 
     </span>
     <span class='ocr_line' id='line_1_4' title="bbox 192 725 2125 820; baseline 0 -22"><span class='ocrx_word' id='word_1_21' title='bbox 192 726 484 798; x_wconf 86' lang='lat' dir='ltr'>videbis</span> <span class='ocrx_word' id='word_1_22' title='bbox 509 727 984 798; x_wconf 82' lang='lat' dir='ltr'>voluntariam</span> <span class='ocrx_word' id='word_1_23' title='bbox 1015 750 1158 800; x_wconf 88' lang='lat' dir='ltr'>esse</span> <span class='ocrx_word' id='word_1_24' title='bbox 1185 725 1320 798; x_wconf 86' lang='lat' dir='ltr'>illis</span> <span class='ocrx_word' id='word_1_25' title='bbox 1347 725 1425 798; x_wconf 90' lang='lat' dir='ltr'>in</span> <span class='ocrx_word' id='word_1_26' title='bbox 1451 751 1538 798; x_wconf 90' lang='lat' dir='ltr'>eo</span> <span class='ocrx_word' id='word_1_27' title='bbox 1564 751 1837 800; x_wconf 86' lang='lat' dir='ltr'>moram</span> <span class='ocrx_word' id='word_1_28' title='bbox 1857 777 1880 815; x_wconf 91' lang='lat'>‚</span> <span class='ocrx_word' id='word_1_29' title='bbox 1911 726 2125 820; x_wconf 81' lang='lat' dir='ltr'>quod</span> 
     </span>
     <span class='ocr_line' id='line_1_5' title="bbox 191 835 2127 935; baseline 0.001 -27"><span class='ocrx_word' id='word_1_30' title='bbox 191 861 412 935; x_wconf 85' lang='lat' dir='ltr'>aegre·</span> <span class='ocrx_word' id='word_1_31' title='bbox 425 836 610 908; x_wconf 82' lang='lat' dir='ltr'>ferre</span> <span class='ocrx_word' id='word_1_32' title='bbox 636 837 822 931; x_wconf 88' lang='lat' dir='ltr'>ipsos</span> <span class='ocrx_word' id='word_1_33' title='bbox 841 853 915 908; x_wconf 86' lang='lat' dir='ltr'>et</span> <span class='ocrx_word' id='word_1_34' title='bbox 937 835 1192 913; x_wconf 83' lang='lat' dir='ltr'>misere</span> <span class='ocrx_word' id='word_1_35' title='bbox 1221 838 1645 930; x_wconf 86' lang='lat' dir='ltr'>loquuntur.</span> <span class='ocrx_word' id='word_1_36' title='bbox 1674 838 1781 909; x_wconf 87' lang='lat' dir='ltr'>Ita</span> <span class='ocrx_word' id='word_1_37' title='bbox 1808 853 1949 925; x_wconf 85' lang='lat' dir='ltr'>est,</span> <span class='ocrx_word' id='word_1_38' title='bbox 1976 835 2127 909; x_wconf 89' lang='lat' dir='ltr'>Lu·-</span> 
     </span>
     <span class='ocr_line' id='line_1_6' title="bbox 193 946 2123 1041; baseline 0.001 -23"><span class='ocrx_word' id='word_1_39' title='bbox 193 946 312 1018; x_wconf 86' lang='lat' dir='ltr'>cili</span> <span class='ocrx_word' id='word_1_40' title='bbox 331 997 356 1032; x_wconf 90' lang='lat'>‚</span> <span class='ocrx_word' id='word_1_41' title='bbox 404 969 676 1040; x_wconf 87' lang='lat' dir='ltr'>paucos</span> <span class='ocrx_word' id='word_1_42' title='bbox 729 947 1064 1032; x_wconf 79' lang='lat' dir='ltr'>servitus,</span> <span class='ocrx_word' id='word_1_43' title='bbox 1116 947 1356 1041; x_wconf 80' lang='lat' dir='ltr'>plures</span> <span class='ocrx_word' id='word_1_44' title='bbox 1391 947 1803 1020; x_wconf 86' lang='lat' dir='ltr'>servitutem</span> <span class='ocrx_word' id='word_1_45' title='bbox 1848 961 2123 1019; x_wconf 84' lang='lat' dir='ltr'>tenent.</span> 
     </span>
     <span class='ocr_line' id='line_1_7' title="bbox 195 1051 2127 1148; baseline 0.002 -24"><span class='ocrx_word' id='word_1_46' title='bbox 195 1051 338 1124; x_wconf 88' lang='lat' dir='ltr'>Sed</span> <span class='ocrx_word' id='word_1_47' title='bbox 363 1103 389 1140; x_wconf 85' lang='lat'>‚</span> <span class='ocrx_word' id='word_1_48' title='bbox 421 1051 481 1124; x_wconf 86' lang='lat' dir='ltr'>si</span> <span class='ocrx_word' id='word_1_49' title='bbox 511 1052 880 1148; x_wconf 81' lang='lat' dir='ltr'>deponere</span> <span class='ocrx_word' id='word_1_50' title='bbox 914 1053 1112 1126; x_wconf 84' lang='lat' dir='ltr'>illam</span> <span class='ocrx_word' id='word_1_51' title='bbox 1153 1054 1231 1124; x_wconf 89' lang='lat' dir='ltr'>in</span> <span class='ocrx_word' id='word_1_52' title='bbox 1247 1053 1503 1144; x_wconf 46' lang='lat' dir='ltr'>‚animo</span> <span class='ocrx_word' id='word_1_53' title='bbox 1540 1070 1641 1125; x_wconf 86' lang='lat' dir='ltr'>est</span> <span class='ocrx_word' id='word_1_54' title='bbox 1665 1103 1690 1141; x_wconf 83' lang='lat'>‚</span> <span class='ocrx_word' id='word_1_55' title='bbox 1738 1069 1811 1126; x_wconf 85' lang='lat' dir='ltr'>et</span> <span class='ocrx_word' id='word_1_56' title='bbox 1841 1052 2127 1127; x_wconf 81' lang='lat' dir='ltr'>libertas</span> 
     </span>
     <span class='ocr_line' id='line_1_8' title="bbox 195 1161 2131 1258; baseline 0.002 -24"><span class='ocrx_word' id='word_1_57' title='bbox 195 1164 391 1234; x_wconf 84' lang='lat' dir='ltr'>bona</span> <span class='ocrx_word' id='word_1_58' title='bbox 413 1161 569 1236; x_wconf 82' lang='lat' dir='ltr'>fide</span> <span class='ocrx_word' id='word_1_59' title='bbox 583 1165 890 1258; x_wconf 84' lang='lat' dir='ltr'>placuit,</span> <span class='ocrx_word' id='word_1_60' title='bbox 917 1165 998 1236; x_wconf 93' lang='lat' dir='ltr'>in</span> <span class='ocrx_word' id='word_1_61' title='bbox 1018 1165 1158 1236; x_wconf 88' lang='lat' dir='ltr'>hoc</span> <span class='ocrx_word' id='word_1_62' title='bbox 1185 1180 1429 1237; x_wconf 87' lang='lat' dir='ltr'>autem</span> <span class='ocrx_word' id='word_1_63' title='bbox 1452 1187 1689 1236; x_wconf 87' lang='lat' dir='ltr'>unum</span> <span class='ocrx_word' id='word_1_64' title='bbox 1713 1165 2131 1238; x_wconf 87' lang='lat' dir='ltr'>advocatio·</span> 
     </span>
     <span class='ocr_line' id='line_1_9' title="bbox 193 1273 2129 1374; baseline 0 -28"><span class='ocrx_word' id='word_1_65' title='bbox 193 1296 372 1346; x_wconf 83' lang='lat' dir='ltr'>nem</span> <span class='ocrx_word' id='word_1_66' title='bbox 396 1273 620 1366; x_wconf 86' lang='lat' dir='ltr'>petis,</span> <span class='ocrx_word' id='word_1_67' title='bbox 661 1291 748 1344; x_wconf 88' lang='lat' dir='ltr'>ut</span> <span class='ocrx_word' id='word_1_68' title='bbox 785 1273 936 1374; x_wconf 81' lang='lat' dir='ltr'>sine</span> <span class='ocrx_word' id='word_1_69' title='bbox 973 1289 1328 1369; x_wconf 73' lang='lat' dir='ltr'>perpetua</span> <span class='ocrx_word' id='word_1_70' title='bbox 1359 1273 1840 1350; x_wconf 84' lang='lat' dir='ltr'>sollicitudine</span> <span class='ocrx_word' id='word_1_71' title='bbox 1882 1275 1959 1346; x_wconf 89' lang='lat' dir='ltr'>id</span> <span class='ocrx_word' id='word_1_72' title='bbox 1992 1273 2129 1348; x_wconf 84' lang='lat' dir='ltr'>tibi</span> 
     </span>
     <span class='ocr_line' id='line_1_10' title="bbox 193 1372 2127 1479; baseline 0.001 -25"><span class='ocrx_word' id='word_1_73' title='bbox 193 1381 428 1454; x_wconf 82' lang='lat' dir='ltr'>facere</span> <span class='ocrx_word' id='word_1_74' title='bbox 447 1381 848 1479; x_wconf 84' lang='lat' dir='ltr'>contingat:</span> <span class='ocrx_word' id='word_1_75' title='bbox 864 1372 1147 1474; x_wconf 44' lang='lat' dir='ltr'>&#39;quidni</span> <span class='ocrx_word' id='word_1_76' title='bbox 1167 1398 1320 1454; x_wconf 86' lang='lat' dir='ltr'>tota</span> <span class='ocrx_word' id='word_1_77' title='bbox 1343 1399 1415 1454; x_wconf 86' lang='lat' dir='ltr'>te</span> <span class='ocrx_word' id='word_1_78' title='bbox 1439 1383 1575 1455; x_wconf 89' lang='lat' dir='ltr'>coh</span> <span class='ocrx_word' id='word_1_79' title='bbox 1584 1407 1697 1455; x_wconf 85' lang='lat' dir='ltr'>ors</span> <span class='ocrx_word' id='word_1_80' title='bbox 1714 1379 2127 1454; x_wconf 87' lang='lat' dir='ltr'>Stoicorum</span> 
     </span>
     <span class='ocr_line' id='line_1_11' title="bbox 192 1491 2131 1589; baseline 0 -25"><span class='ocrx_word' id='word_1_81' title='bbox 192 1491 596 1589; x_wconf 76' lang='lat' dir='ltr'>probatura</span> <span class='ocrx_word' id='word_1_82' title='bbox 621 1493 712 1564; x_wconf 86' lang='lat' dir='ltr'>sit</span> <span class='ocrx_word' id='word_1_83' title='bbox 736 1493 770 1563; x_wconf 86' lang='lat'>?</span> <span class='ocrx_word' id='word_1_84' title='bbox 813 1493 1090 1564; x_wconf 86' lang='lat' dir='ltr'>Omnes</span> <span class='ocrx_word' id='word_1_85' title='bbox 1109 1495 1443 1566; x_wconf 85' lang='lat' dir='ltr'>Zenones</span> <span class='ocrx_word' id='word_1_86' title='bbox 1468 1509 1541 1564; x_wconf 88' lang='lat' dir='ltr'>et</span> <span class='ocrx_word' id='word_1_87' title='bbox 1563 1492 1940 1589; x_wconf 74' lang='lat' dir='ltr'>Chrysippi</span> <span class='ocrx_word' id='word_1_88' title='bbox 1966 1517 2131 1566; x_wconf 86' lang='lat' dir='ltr'>rno-</span> 
     </span>
     <span class='ocr_line' id='line_1_12' title="bbox 194 1600 2131 1698; baseline -0.001 -24"><span class='ocrx_word' id='word_1_89' title='bbox 194 1603 442 1674; x_wconf 86' lang='lat' dir='ltr'>derata</span> <span class='ocrx_word' id='word_1_90' title='bbox 487 1619 563 1674; x_wconf 89' lang='lat' dir='ltr'>et</span> <span class='ocrx_word' id='word_1_91' title='bbox 603 1603 904 1675; x_wconf 85' lang='lat' dir='ltr'>honesta</span> <span class='ocrx_word' id='word_1_92' title='bbox 954 1605 1076 1698; x_wconf 89' lang='lat' dir='ltr'>[et</span> <span class='ocrx_word' id='word_1_93' title='bbox 1101 1608 1310 1696; x_wconf 79' lang='lat' dir='ltr'>veta]</span> <span class='ocrx_word' id='word_1_94' title='bbox 1349 1602 1780 1676; x_wconf 87' lang='lat' dir='ltr'>suadebunt.</span> <span class='ocrx_word' id='word_1_95' title='bbox 1820 1600 2029 1688; x_wconf 72' lang='lat' dir='ltr'>sed,</span> <span class='ocrx_word' id='word_1_96' title='bbox 2070 1600 2131 1674; x_wconf 85' lang='lat' dir='ltr'>si</span> 
     </span>
     <span class='ocr_line' id='line_1_13' title="bbox 193 1710 2133 1817; baseline 0 -35"><span class='ocrx_word' id='word_1_97' title='bbox 193 1726 501 1805; x_wconf 78' lang='lat' dir='ltr'>propter</span> <span class='ocrx_word' id='word_1_98' title='bbox 513 1711 660 1817; x_wconf 63' lang='lat' dir='ltr'>lioc</span> <span class='ocrx_word' id='word_1_99' title='bbox 683 1710 1148 1809; x_wconf 75' lang='lat' dir='ltr'>tergiversaris</span> <span class='ocrx_word' id='word_1_100' title='bbox 1163 1761 1188 1801; x_wconf 92' lang='lat'>‚</span> <span class='ocrx_word' id='word_1_101' title='bbox 1213 1727 1302 1784; x_wconf 90' lang='lat' dir='ltr'>ut</span> <span class='ocrx_word' id='word_1_102' title='bbox 1319 1711 1869 1806; x_wconf 75' lang='lat' dir='ltr'>circumspicias,</span> <span class='ocrx_word' id='word_1_103' title='bbox 1902 1733 2133 1805; x_wconf 88' lang='lat' dir='ltr'>quan·</span> 
     </span>
     <span class='ocr_line' id='line_1_14' title="bbox 195 1823 2133 1924; baseline 0 -28"><span class='ocrx_word' id='word_1_104' title='bbox 195 1841 362 1896; x_wconf 84' lang='lat' dir='ltr'>tum</span> <span class='ocrx_word' id='word_1_105' title='bbox 387 1823 570 1896; x_wconf 84' lang='lat' dir='ltr'>feras</span> <span class='ocrx_word' id='word_1_106' title='bbox 587 1843 861 1913; x_wconf 88' lang='lat' dir='ltr'>tecum,</span> <span class='ocrx_word' id='word_1_107' title='bbox 891 1840 963 1897; x_wconf 89' lang='lat' dir='ltr'>et</span> <span class='ocrx_word' id='word_1_108' title='bbox 985 1848 1208 1918; x_wconf 86' lang='lat' dir='ltr'>quam</span> <span class='ocrx_word' id='word_1_109' title='bbox 1231 1847 1489 1924; x_wconf 86' lang='lat' dir='ltr'>magna</span> <span class='ocrx_word' id='word_1_110' title='bbox 1510 1825 1815 1918; x_wconf 85' lang='lat' dir='ltr'>pecunia</span> <span class='ocrx_word' id='word_1_111' title='bbox 1831 1825 2133 1896; x_wconf 75' lang='lat' dir='ltr'>instruas</span> 
     </span>
     <span class='ocr_line' id='line_1_15' title="bbox 201 1932 2131 2027; baseline -0.001 -23"><span class='ocrx_word' id='word_1_112' title='bbox 201 1932 484 2020; x_wconf 81' lang='lat' dir='ltr'>otium3</span> <span class='ocrx_word' id='word_1_113' title='bbox 519 1957 936 2027; x_wconf 80' lang='lat' dir='ltr'><strong>numquam</strong></span> <span class='ocrx_word' id='word_1_114' title='bbox 976 1933 1258 2004; x_wconf 81' lang='lat' dir='ltr'>exitum</span> <span class='ocrx_word' id='word_1_115' title='bbox 1299 1933 1642 2009; x_wconf 80' lang='lat' dir='ltr'>invenies.</span> <span class='ocrx_word' id='word_1_116' title='bbox 1690 1933 1930 2004; x_wconf 87' lang='lat' dir='ltr'>Nemo</span> <span class='ocrx_word' id='word_1_117' title='bbox 1960 1955 2131 2004; x_wconf 88' lang='lat' dir='ltr'>cum</span> 
     </span>
     <span class='ocr_line' id='line_1_16' title="bbox 199 2039 2135 2138; baseline 0 -26"><span class='ocrx_word' id='word_1_118' title='bbox 199 2041 485 2114; x_wconf 79' lang='lat' dir='ltr'>sarcinis</span> <span class='ocrx_word' id='word_1_119' title='bbox 511 2060 772 2113; x_wconf 85' lang='lat' dir='ltr'>enatat.</span> <span class='ocrx_word' id='word_1_120' title='bbox 815 2041 1116 2138; x_wconf 84' lang='lat' dir='ltr'>Emerge</span> <span class='ocrx_word' id='word_1_121' title='bbox 1132 2039 1226 2136; x_wconf 68' lang='lat' dir='ltr'>ad</span> <span class='ocrx_word' id='word_1_122' title='bbox 1253 2041 1631 2114; x_wconf 81' lang='lat' dir='ltr'>meliorem</span> <span class='ocrx_word' id='word_1_123' title='bbox 1654 2040 1876 2112; x_wconf 81' lang='lat' dir='ltr'>vitam</span> <span class='ocrx_word' id='word_1_124' title='bbox 1900 2087 1939 2128; x_wconf 88' lang='lat'>,-</span> <span class='ocrx_word' id='word_1_125' title='bbox 1962 2049 2135 2133; x_wconf 74' lang='lat' dir='ltr'>pto-</span> 
     </span>
    </p>
   </div>
   <div class='ocr_carea' id='block_1_3' title="bbox 93 2146 2135 2247">
    <p class='ocr_par' dir='ltr' id='par_1_3' title="bbox 93 2146 2135 2247">
     <span class='ocr_line' id='line_1_17' title="bbox 93 2146 2135 2247; baseline -0.003 -25"><span class='ocrx_word' id='word_1_126' title='bbox 93 2231 97 2238; x_wconf 41' lang='lat'><em>,</em></span> <span class='ocrx_word' id='word_1_127' title='bbox 200 2150 396 2247; x_wconf 86' lang='lat' dir='ltr'>pitiis</span> <span class='ocrx_word' id='word_1_128' title='bbox 432 2149 622 2222; x_wconf 81' lang='lat' dir='ltr'>Diis!</span> <span class='ocrx_word' id='word_1_129' title='bbox 677 2150 802 2222; x_wconf 87' lang='lat' dir='ltr'>sed</span> <span class='ocrx_word' id='word_1_130' title='bbox 841 2173 994 2224; x_wconf 87' lang='lat' dir='ltr'>non</span> <span class='ocrx_word' id='word_1_131' title='bbox 1029 2150 1124 2218; x_wconf 89' lang='lat' dir='ltr'>sic</span> <span class='ocrx_word' id='word_1_132' title='bbox 1142 2199 1166 2236; x_wconf 85' lang='lat'><strong>,</strong></span> <span class='ocrx_word' id='word_1_133' title='bbox 1216 2150 1606 2242; x_wconf 88' lang='lat' dir='ltr'>quomodo</span> <span class='ocrx_word' id='word_1_134' title='bbox 1646 2147 1786 2220; x_wconf 88' lang='lat' dir='ltr'>istis</span> <span class='ocrx_word' id='word_1_135' title='bbox 1832 2146 2135 2241; x_wconf 83' lang='lat' dir='ltr'>propitii</span> 
     </span>
    </p>
   </div>
   <div class='ocr_carea' id='block_1_4' title="bbox 199 2256 2139 3463">
    <p class='ocr_par' dir='ltr' id='par_1_4' title="bbox 199 2256 2137 2679">
     <span class='ocr_line' id='line_1_18' title="bbox 199 2256 2134 2356; baseline -0.004 -24"><span class='ocrx_word' id='word_1_136' title='bbox 199 2276 379 2332; x_wconf 87' lang='lat' dir='ltr'>sunt</span> <span class='ocrx_word' id='word_1_137' title='bbox 396 2310 422 2349; x_wconf 90' lang='lat'><strong>,</strong></span> <span class='ocrx_word' id='word_1_138' title='bbox 449 2260 720 2355; x_wconf 80' lang='lat' dir='ltr'>quibus</span> <span class='ocrx_word' id='word_1_139' title='bbox 742 2260 948 2332; x_wconf 89' lang='lat' dir='ltr'>bono</span> <span class='ocrx_word' id='word_1_140' title='bbox 973 2281 1049 2330; x_wconf 88' lang='lat' dir='ltr'>ac</span> <span class='ocrx_word' id='word_1_141' title='bbox 1076 2258 1398 2356; x_wconf 85' lang='lat' dir='ltr'>benigno</span> <span class='ocrx_word' id='word_1_142' title='bbox 1424 2260 1635 2332; x_wconf 79' lang='lat' dir='ltr'>vultu</span> <span class='ocrx_word' id='word_1_143' title='bbox 1653 2258 1838 2330; x_wconf 85' lang='lat' dir='ltr'>mala</span> <span class='ocrx_word' id='word_1_144' title='bbox 1856 2256 2134 2354; x_wconf 85' lang='lat' dir='ltr'>magni-</span> 
     </span>
     <span class='ocr_line' id='line_1_19' title="bbox 199 2363 2137 2461; baseline -0.002 -20"><span class='ocrx_word' id='word_1_145' title='bbox 199 2372 332 2441; x_wconf 84' lang='lat' dir='ltr'>fica</span> <span class='ocrx_word' id='word_1_146' title='bbox 357 2369 804 2461; x_wconf 84' lang='lat' dir='ltr'>tribuerunt,</span> <span class='ocrx_word' id='word_1_147' title='bbox 827 2367 920 2440; x_wconf 91' lang='lat' dir='ltr'>ad</span> <span class='ocrx_word' id='word_1_148' title='bbox 941 2369 1082 2439; x_wconf 85' lang='lat' dir='ltr'>hoc</span> <span class='ocrx_word' id='word_1_149' title='bbox 1107 2391 1342 2441; x_wconf 89' lang='lat' dir='ltr'>unum</span> <span class='ocrx_word' id='word_1_150' title='bbox 1368 2367 1721 2455; x_wconf 82' lang='lat' dir='ltr'>excusati,</span> <span class='ocrx_word' id='word_1_151' title='bbox 1750 2363 1955 2460; x_wconf 89' lang='lat' dir='ltr'>quod</span> <span class='ocrx_word' id='word_1_152' title='bbox 1982 2366 2137 2453; x_wconf 82' lang='lat' dir='ltr'>ista,</span> 
     </span>
     <span class='ocr_line' id='line_1_20' title="bbox 202 2474 2135 2581; baseline -0.004 -24"><span class='ocrx_word' id='word_1_153' title='bbox 202 2505 393 2574; x_wconf 87' lang='lat' dir='ltr'>quae</span> <span class='ocrx_word' id='word_1_154' title='bbox 444 2497 712 2573; x_wconf 86' lang='lat' dir='ltr'>urunt,</span> <span class='ocrx_word' id='word_1_155' title='bbox 757 2504 945 2575; x_wconf 77' lang='lat' dir='ltr'>quae</span> <span class='ocrx_word' id='word_1_156' title='bbox 987 2480 1396 2553; x_wconf 81' lang='lat' dir='ltr'>excruciant</span> <span class='ocrx_word' id='word_1_157' title='bbox 1410 2530 1439 2569; x_wconf 85' lang='lat'>‚</span> <span class='ocrx_word' id='word_1_158' title='bbox 1496 2476 1919 2581; x_wconf 80' lang='lat' dir='ltr'>optantibus</span> <span class='ocrx_word' id='word_1_159' title='bbox 1970 2474 2135 2552; x_wconf 82' lang='lat' dir='ltr'>data</span> 
     </span>
     <span class='ocr_line' id='line_1_21' title="bbox 199 2606 888 2679; baseline -0.003 -18"><span class='ocrx_word' id='word_1_160' title='bbox 199 2606 392 2661; x_wconf 82' lang='lat' dir='ltr'>sunt.</span> <span class='ocrx_word' id='word_1_161' title='bbox 881 2676 888 2679; x_wconf 35' lang='grc'><strong>,</strong></span> 
     </span>
    </p>

    <p class='ocr_par' dir='ltr' id='par_1_5' title="bbox 205 2690 2139 3463">
     <span class='ocr_line' id='line_1_22' title="bbox 319 2690 2135 2798; baseline -0.001 -29"><span class='ocrx_word' id='word_1_162' title='bbox 319 2700 480 2773; x_wconf 88' lang='lat' dir='ltr'>Iam</span> <span class='ocrx_word' id='word_1_163' title='bbox 513 2699 998 2794; x_wconf 85' lang='lat' dir='ltr'>inprimebam</span> <span class='ocrx_word' id='word_1_164' title='bbox 1043 2690 1378 2797; x_wconf 86' lang='lat' dir='ltr'>epistolae</span> <span class='ocrx_word' id='word_1_165' title='bbox 1418 2700 1736 2798; x_wconf 87' lang='lat' dir='ltr'>signum:</span> <span class='ocrx_word' id='word_1_166' title='bbox 1776 2699 2135 2771; x_wconf 82' lang='lat' dir='ltr'>resolven-</span> 
     </span>
     <span class='ocr_line' id='line_1_23' title="bbox 207 2802 2132 2897; baseline -0.001 -18"><span class='ocrx_word' id='word_1_167' title='bbox 207 2807 300 2879; x_wconf 87' lang='lat' dir='ltr'>da</span> <span class='ocrx_word' id='word_1_168' title='bbox 326 2826 432 2879; x_wconf 85' lang='lat' dir='ltr'>est</span> <span class='ocrx_word' id='word_1_169' title='bbox 453 2858 477 2895; x_wconf 90' lang='lat'><strong>,</strong></span> <span class='ocrx_word' id='word_1_170' title='bbox 523 2824 608 2879; x_wconf 88' lang='lat' dir='ltr'>ut</span> <span class='ocrx_word' id='word_1_171' title='bbox 635 2808 1108 2895; x_wconf 77' lang='lat' dir='ltr'>cumsolenni</span> <span class='ocrx_word' id='word_1_172' title='bbox 1153 2807 1244 2881; x_wconf 87' lang='lat' dir='ltr'>ad</span> <span class='ocrx_word' id='word_1_173' title='bbox 1269 2824 1344 2881; x_wconf 89' lang='lat' dir='ltr'>te</span> <span class='ocrx_word' id='word_1_174' title='bbox 1385 2802 2132 2897; x_wconf 77' lang='lat' dir='ltr'>munusculo&#39;veniat,</span> 
     </span>
     <span class='ocr_line' id='line_1_24' title="bbox 209 2908 2135 3016; baseline 0 -29"><span class='ocrx_word' id='word_1_175' title='bbox 209 2933 282 2987; x_wconf 88' lang='lat' dir='ltr'>et</span> <span class='ocrx_word' id='word_1_176' title='bbox 303 2916 624 3010; x_wconf 84' lang='lat' dir='ltr'>aliquam</span> <span class='ocrx_word' id='word_1_177' title='bbox 649 2908 1102 3016; x_wconf 83' lang='lat' dir='ltr'>magnificam</span> <span class='ocrx_word' id='word_1_178' title='bbox 1129 2940 1386 2989; x_wconf 85' lang='lat' dir='ltr'>vocem</span> <span class='ocrx_word' id='word_1_179' title='bbox 1418 2916 1597 2988; x_wconf 81' lang='lat' dir='ltr'>ferat</span> <span class='ocrx_word' id='word_1_180' title='bbox 1613 2940 1894 2989; x_wconf 82' lang='lat' dir='ltr'>secum:</span> <span class='ocrx_word' id='word_1_181' title='bbox 1928 2931 2001 2987; x_wconf 84' lang='lat' dir='ltr'>et</span> <span class='ocrx_word' id='word_1_182' title='bbox 2016 2939 2135 2987; x_wconf 85' lang='lat' dir='ltr'>oc·</span> 
     </span>
     <span class='ocr_line' id='line_1_25' title="bbox 205 3025 2137 3129; baseline -0.001 -32"><span class='ocrx_word' id='word_1_183' title='bbox 205 3030 435 3099; x_wconf 85' lang='lat' dir='ltr'>currit</span> <span class='ocrx_word' id='word_1_184' title='bbox 464 3026 646 3099; x_wconf 89' lang='lat' dir='ltr'>mihi</span> <span class='ocrx_word' id='word_1_185' title='bbox 665 3079 689 3118; x_wconf 93' lang='lat'>,</span> <span class='ocrx_word' id='word_1_186' title='bbox 741 3050 906 3100; x_wconf 88' lang='lat' dir='ltr'>ecce</span> <span class='ocrx_word' id='word_1_187' title='bbox 927 3078 955 3117; x_wconf 82' lang='lat'><strong>,</strong></span> <span class='ocrx_word' id='word_1_188' title='bbox 994 3028 1234 3099; x_wconf 85' lang='lat' dir='ltr'>nescio</span> <span class='ocrx_word' id='word_1_189' title='bbox 1266 3042 1515 3099; x_wconf 91' lang='lat' dir='ltr'>utrum</span> <span class='ocrx_word' id='word_1_190' title='bbox 1552 3029 1823 3129; x_wconf 75' lang='lat' dir='ltr'>verior,</span> <span class='ocrx_word' id='word_1_191' title='bbox 1869 3048 1962 3095; x_wconf 90' lang='lat' dir='ltr'>an</span> <span class='ocrx_word' id='word_1_192' title='bbox 1990 3025 2137 3095; x_wconf 87' lang='lat' dir='ltr'>elo-</span> 
     </span>
     <span class='ocr_line' id='line_1_26' title="bbox 210 3130 2137 3230; baseline -0.004 -23"><span class='ocrx_word' id='word_1_193' title='bbox 210 3137 556 3228; x_wconf 83' lang='lat' dir='ltr'>quentior</span> <span class='ocrx_word' id='word_1_194' title='bbox 587 3176 660 3191; x_wconf 92' lang='lat'>--</span> <span class='ocrx_word' id='word_1_195' title='bbox 697 3136 948 3209; x_wconf 82' lang='lat' dir='ltr'>cuius?</span> <span class='ocrx_word' id='word_1_196' title='bbox 973 3136 1212 3230; x_wconf 85' lang='lat' dir='ltr'>inquis</span> <span class='ocrx_word' id='word_1_197' title='bbox 1241 3174 1315 3191; x_wconf 92' lang='lat'>-·</span> <span class='ocrx_word' id='word_1_198' title='bbox 1348 3135 1406 3207; x_wconf 89' lang='lat' dir='ltr'><strong>E</strong></span> <span class='ocrx_word' id='word_1_199' title='bbox 1425 3157 1468 3208; x_wconf 78' lang='grc' dir='ltr'><strong>Ρ</strong></span> <span class='ocrx_word' id='word_1_200' title='bbox 1490 3156 1517 3205; x_wconf 89' lang='lat'>1</span> <span class='ocrx_word' id='word_1_201' title='bbox 1539 3154 1581 3207; x_wconf 90' lang='lat' dir='ltr'>c</span> <span class='ocrx_word' id='word_1_202' title='bbox 1608 3151 1662 3205; x_wconf 83' lang='lat' dir='ltr'>U</span> <span class='ocrx_word' id='word_1_203' title='bbox 1680 3154 1731 3205; x_wconf 77' lang='lat' dir='ltr'>n</span> <span class='ocrx_word' id='word_1_204' title='bbox 1751 3154 1819 3203; x_wconf 81' lang='lat'>1:</span> <span class='ocrx_word' id='word_1_205' title='bbox 1853 3130 2137 3226; x_wconf 89' lang='lat' dir='ltr'>(adhuc</span> 
     </span>
     <span class='ocr_line' id='line_1_27' title="bbox 211 3243 2137 3340; baseline -0.003 -23"><span class='ocrx_word' id='word_1_206' title='bbox 211 3245 406 3317; x_wconf 83' lang='lat' dir='ltr'>enim</span> <span class='ocrx_word' id='word_1_207' title='bbox 437 3247 696 3318; x_wconf 80' lang='lat' dir='ltr'>alienas</span> <span class='ocrx_word' id='word_1_208' title='bbox 721 3248 1015 3318; x_wconf 82' lang='lat' dir='ltr'>sarcinas</span> <span class='ocrx_word' id='word_1_209' title='bbox 1056 3245 1332 3318; x_wconf 87' lang='lat' dir='ltr'>adorno</span> <span class='ocrx_word' id='word_1_210' title='bbox 1357 3246 1424 3340; x_wconf 72' lang='grc' dir='ltr'>ε)</span> <span class='ocrx_word' id='word_1_211' title='bbox 1459 3244 1664 3317; x_wconf 79' lang='lat' dir='ltr'>Nemo</span> <span class='ocrx_word' id='word_1_212' title='bbox 1705 3268 1831 3315; x_wconf 86' lang='lat' dir='ltr'>non</span> <span class='ocrx_word' id='word_1_213' title='bbox 1861 3246 1960 3313; x_wconf 79' lang='lat' dir='ltr'>ita</span> <span class='ocrx_word' id='word_1_214' title='bbox 1996 3243 2137 3313; x_wconf 82' lang='lat' dir='ltr'>exit</span> 
     </span>
     <span class='ocr_line' id='line_1_28' title="bbox 211 3350 2139 3463; baseline 0 -38"><span class='ocrx_word' id='word_1_215' title='bbox 211 3358 426 3433; x_wconf 80' lang='lat' dir='ltr'>evita,</span> <span class='ocrx_word' id='word_1_216' title='bbox 465 3378 799 3456; x_wconf 80' lang='lat' dir='ltr'>tamquam</span> <span class='ocrx_word' id='word_1_217' title='bbox 824 3358 1002 3432; x_wconf 82' lang='lat' dir='ltr'>modo</span> <span class='ocrx_word' id='word_1_218' title='bbox 1033 3360 1398 3431; x_wconf 78' lang='lat' dir='ltr'>intraverit.</span> <span class='ocrx_word' id='word_1_219' title='bbox 1436 3356 2001 3463; x_wconf 76' lang='lat' dir='ltr'>Quemcumque</span> <span class='ocrx_word' id='word_1_220' title='bbox 2036 3350 2139 3425; x_wconf 68' lang='lat' dir='ltr'>via</span> 
     </span>
    </p>
   </div>
   <div class='ocr_carea' id='block_1_5' title="bbox 209 3456 2259 3561">
    <p class='ocr_par' dir='ltr' id='par_1_6' title="bbox 209 3456 2259 3561">
     <span class='ocr_line' id='line_1_29' title="bbox 209 3456 2259 3561; baseline 0.001 -26"><span class='ocrx_word' id='word_1_221' title='bbox 209 3488 529 3561; x_wconf 85' lang='lat' dir='ltr'>occupa,</span> <span class='ocrx_word' id='word_1_222' title='bbox 565 3466 1134 3553; x_wconf 80' lang='lat' dir='ltr'>adolescentem,</span> <span class='ocrx_word' id='word_1_223' title='bbox 1180 3490 1423 3539; x_wconf 88' lang='lat' dir='ltr'>senem</span> <span class='ocrx_word' id='word_1_224' title='bbox 1452 3516 1477 3552; x_wconf 86' lang='lat'><strong>,</strong></span> <span class='ocrx_word' id='word_1_225' title='bbox 1524 3463 1889 3547; x_wconf 83' lang='lat' dir='ltr'>medium3</span> <span class='ocrx_word' id='word_1_226' title='bbox 1940 3456 2141 3537; x_wconf 60' lang='lat' dir='ltr'>inve-</span> <span class='ocrx_word' id='word_1_227' title='bbox 2254 3527 2259 3538; x_wconf 94' lang='grc'><em>,</em></span> 
     </span>
    </p>
   </div>
   <div class='ocr_carea' id='block_1_6' title="bbox 207 3566 2141 3891">
    <p class='ocr_par' dir='ltr' id='par_1_7' title="bbox 207 3566 2141 3891">
     <span class='ocr_line' id='line_1_30' title="bbox 207 3566 2135 3669; baseline -0.005 -22"><span class='ocrx_word' id='word_1_228' title='bbox 207 3574 360 3647; x_wconf 90' lang='lat' dir='ltr'>nies</span> <span class='ocrx_word' id='word_1_229' title='bbox 383 3600 623 3669; x_wconf 85' lang='lat' dir='ltr'>aeque</span> <span class='ocrx_word' id='word_1_230' title='bbox 649 3576 1000 3647; x_wconf 88' lang='lat' dir='ltr'>timidum</span> <span class='ocrx_word' id='word_1_231' title='bbox 1028 3576 1274 3646; x_wconf 88' lang='lat' dir='ltr'>mortis</span> <span class='ocrx_word' id='word_1_232' title='bbox 1296 3626 1318 3663; x_wconf 86' lang='lat'><strong>,</strong></span> <span class='ocrx_word' id='word_1_233' title='bbox 1349 3598 1579 3666; x_wconf 87' lang='lat' dir='ltr'>aeque</span> <span class='ocrx_word' id='word_1_234' title='bbox 1605 3571 1909 3643; x_wconf 87' lang='lat' dir='ltr'>inscium</span> <span class='ocrx_word' id='word_1_235' title='bbox 1931 3566 2135 3639; x_wconf 84' lang='lat' dir='ltr'>vitae.</span> 
     </span>
     <span class='ocr_line' id='line_1_31' title="bbox 211 3674 2133 3778; baseline -0.005 -25"><span class='ocrx_word' id='word_1_236' title='bbox 211 3685 454 3757; x_wconf 88' lang='lat' dir='ltr'>Nemo</span> <span class='ocrx_word' id='word_1_237' title='bbox 503 3684 920 3778; x_wconf 81' lang='lat' dir='ltr'>quidquam</span> <span class='ocrx_word' id='word_1_238' title='bbox 953 3684 1170 3757; x_wconf 88' lang='lat' dir='ltr'>habet</span> <span class='ocrx_word' id='word_1_239' title='bbox 1200 3681 1402 3753; x_wconf 80' lang='lat' dir='ltr'>facti:</span> <span class='ocrx_word' id='word_1_240' title='bbox 1448 3682 1545 3751; x_wconf 39' lang='lat' dir='ltr'>in‘</span> <span class='ocrx_word' id='word_1_241' title='bbox 1566 3680 1906 3762; x_wconf 70' lang='lat' dir='ltr'>fututum¹</span> <span class='ocrx_word' id='word_1_242' title='bbox 1941 3674 2133 3745; x_wconf 87' lang='lat' dir='ltr'>enim</span> 
     </span>
     <span class='ocr_line' id='line_1_32' title="bbox 207 3780 2141 3891; baseline -0.005 -27"><span class='ocrx_word' id='word_1_243' title='bbox 207 3810 446 3867; x_wconf 84' lang='lat' dir='ltr'>nostra</span> <span class='ocrx_word' id='word_1_244' title='bbox 469 3790 908 3868; x_wconf 81' lang='lat' dir='ltr'>distulimus.</span> <span class='ocrx_word' id='word_1_245' title='bbox 949 3790 1150 3865; x_wconf 86' lang='lat' dir='ltr'>Nihil</span> <span class='ocrx_word' id='word_1_246' title='bbox 1174 3814 1295 3865; x_wconf 87' lang='lat' dir='ltr'>me</span> <span class='ocrx_word' id='word_1_247' title='bbox 1319 3788 1539 3891; x_wconf 81' lang='lat' dir='ltr'>magis</span> <span class='ocrx_word' id='word_1_248' title='bbox 1567 3787 1641 3860; x_wconf 88' lang='lat' dir='ltr'>in</span> <span class='ocrx_word' id='word_1_249' title='bbox 1662 3787 1787 3858; x_wconf 84' lang='lat' dir='ltr'>ista</span> <span class='ocrx_word' id='word_1_250' title='bbox 1810 3807 1987 3859; x_wconf 75' lang='lat' dir='ltr'>voce</span> <span class='ocrx_word' id='word_1_251' title='bbox 2011 3780 2141 3883; x_wconf 76' lang='lat' dir='ltr'>de·</span> 
     </span>
    </p>
   </div>
  </div>
 </body>
</html>
