2809 4850
665 363 766 442 ⁷4
1045 336 1136 412 L.
1181 333 1639 450 ANNAur
1684 283 2243 462 sEnECAE'

541 490 556 557 ἶ
665 499 1220 577 bus->delectatur
1253 503 1545 600 vulgus,
1584 516 1881 575 tenuem
1912 502 2184 582 habent
2218 529 2301 576 ac
2338 503 2615 600 perfu-

665 612 922 690 soriam
945 612 1394 706 voluptatem
1416 637 1439 698 ς
1469 625 1564 699 et,
1586 611 2111 705 quodcumque
2134 614 2617 688 iuvet-titium

663 721 1012 820 gaudium
1047 737 1150 794 est
1169 773 1194 809 ,
1229 720 1709 795 fundamento
1730 737 1917 794 caret
1935 748 1966 808 ς
1981 722 2157 811 hoc,
2182 722 2273 794 de
2297 747 2451 818 quo
2476 727 2617 796 lo-

666 858 888 928 quor,
915 833 1008 906 ad
1041 834 1248 927 quod
1271 849 1346 904 te
1369 857 1595 938 conor
1624 833 2058 926 perducere,
2074 834 2407 906 ¹solidum
2436 855 2549 908 est
2570 886 2605 925 ‚

664 958 740 1014 et
763 940 972 1035 quod
989 945 1154 1036 plus
1178 954 1417 1034 pateat
1440 941 1794 1038 introrsus.
1837 939 1973 1015 Fac
1992 991 2017 1028 ,
2050 942 2180 1012 oro
2207 958 2281 1014 te
2300 992 2326 1029 ‚
2354 942 2608 1016 Lucili

562 1093 576 1098 -
665 1049 1050 1144 carissime,
1099 1048 1306 1144 quod
1356 1073 1587 1122 unum
1634 1060 1985 1146 potestte
2034 1069 2377 1142 praestare
2427 1049 2607 1122 feli-

665 1159 868 1231 cem!
932 1156 1176 1230 disiice
1233 1174 1307 1231 et
1353 1160 1693 1231 conculca
1745 1159 1873 1231 ista
1922 1183 2111 1252 quae
2158 1159 2607 1234 extrinsecus

664 1265 1050 1360 splendent
1066 1317 1090 1354 ,
1108 1289 1308 1360 quae
1325 1265 1465 1338 tibi
1483 1266 2012 1361 promittuntur
2040 1267 2131 1338 ab
2148 1268 2320 1340 alio!
2354 1266 2447 1338 ad
2472 1291 2609 1338 ve-

663 1400 840 1464 rum⁸
873 1375 1160 1482 bonum
1191 1395 1464 1472 specta,
1512 1392 1587 1448 et
1634 1376 1729 1447 de
1774 1392 1909 1460 tuo
1950 1377 2219 1475 gaude!
2254 1417 2327 1429 —
2378 1375 2603 1479 Quid

667 1503 772 1558 est
789 1504 1032 1570 autem
1056 1489 1196 1560 hoc
1215 1538 1239 1575 ,
1286 1489 1377 1564 de
1405 1499 1513 1559 'tuo
1534 1495 1581 1559 ἓ
1616 1528 1688 1542 -
1722 1487 1834 1558 Te
1861 1491 2015 1582 ipso
2038 1539 2073 1576 ,.
2088 1505 2161 1561 et
2185 1489 2299 1560 tui
2318 1487 2607 1582 optima

663 1615 887 1692 parte.
934 1597 1461 1691 Corpusculum
1500 1589 1841 1691 quoque,
1884 1598 2098 1670 etiarn
2136 1597 2401 1670 sinihil
2437 1597 2601 1669 fieri

567 1791 582 1806 .
663 1709 814 1778 sine
831 1792 834 1794 v
851 1707 985 1785 illo,
1023 1723 1261 1802 potest
1285 1759 1309 1796 ,
1371 1708 1589 1804 magis
1634 1708 2085 1780 necessariam
2128 1731 2283 1778 rem
2329 1707 2546 1778 crede
2564 1755 2596 1796 ,

666 1831 888 1908 quarn
921 1839 1294 1912 magnam:
1345 1838 1557 1886 vanas
1590 1814 1909 1914 subgerit
1946 1815 2391 1908 voluptates,
2424 1813 2598 1886 bre-

663 1947 788 1998 ves
807 1977 831 2012 ‚
877 1923 1352 2020 poenitendas
1373 1972 1398 2014 ‚
1450 1949 1568 2012 ac,
1614 1924 1749 1996 nisi
1791 1947 2045 2022 magna
2087 1924 2594 1996 moderatione

665 2051 1160 2131 temperentur
1185 2087 1210 2126 ,
1253 2036 1330 2108 in
1371 2035 1809 2109 contrarium
1848 2035 2175 2106 abituras.
2225 2035 2329 2109 Ita
2375 2033 2541 2107 dico
2572 2063 2595 2106 τ.

631 2197 636 2200 -
665 2147 744 2219 in
769 2145 1138 2238 praecipiti
1173 2163 1278 2218 est
1298 2149 1631 2239 voluptas
1652 2197 1675 2233 ‚
1704 2145 1799 2216 ad
1824 2146 2153 2217 dolorem
2178 2145 2403 2242 vergit
2421 2197 2448 2234 ‚
2474 2145 2601 2218 ni·-

665 2255 722 2326 si
765 2251 1077 2332 modum
1115 2271 1394 2339 teneat3
1456 2256 1767 2326 modum
1808 2269 2055 2326 autem
2098 2269 2339 2326 tenere
2379 2255 2462 2324 in
2501 2277 2598 2326 eo

668 2359 953 2435 difficile
995 2378 1141 2454 est,
1201 2363 1409 2457 quod
1458 2364 1741 2451 bonurn
1783 2389 1927 2437 esse
1975 2361 2367 2441 credideris.
2422 2362 2599 2440 Ver-i

665 2471 848 2544 boni
869 2471 1198 2559 aviditas,
1234 2488 1392 2543 tuta
1415 2488 1541 2565 est.
1573 2473 1783 2579 Quid
1808 2475 1898 2543 sit
1922 2472 2153 2564 istud,
2180 2466 2601 2572 interrogas,

665 2602 794 2656 aut
830 2582 1029 2655 unde
1067 2582 1367 2655 subeat?
1417 2581 1693 2669 Dicam.
1732 2584 1844 2657 Ex
1878 2584 2091 2656 bona.
2116 2585 2549 2669 conscientia
2574 2636 2605 2673 ,

665 2692 1100 2797 exhorreatis
1117 2694 1426 2766 consiliis
1444 2748 1466 2783 ,
1491 2718 1582 2765 ex
1608 2695 1813 2777 rectis
1832 2694 2264 2785 actionibus,
2300 2721 2393 2771 ex
2420 2719 2601 2767 con·
2666 2742 2703 2759 -.

666 2820 906 2877 temtu
933 2802 1400 2905 fortuitorum
1424 2858 1445 2895 ‚
1494 2829 1584 2893 ex
1613 2806 1898 2901 placido
1922 2806 2107 2879 vitae
2132 2822 2205 2877 et
2232 2806 2593 2891 continuo

510 2956 516 2961 ·
551 2962 554 2965 -
589 2984 592 2991 ,
666 2932 920 2987 tenore
960 2938 1180 2987 unam
1216 2920 1613 3021 *prementis
1643 2918 1855 2989 viam.
1904 2916 2093 2989 Nam
2132 2917 2279 3004 illi,
2326 2916 2457 3010 qui
2490 2941 2589 2987 ex

657 3024 814 3095 aliis
840 3026 1220 3119 propositis
1246 3028 1322 3097 in
1349 3028 1483 3127 alia
1513 3028 1946 3101 transsiliunt
1962 3077 1987 3117 ‚
2033 3017 2159 3099 aut
2192 3050 2287 3103 ne
2310 3028 2594 3098 transsi-

663 3131 858 3203 liunt
885 3132 1185 3225 quidem
1206 3184 1231 3221 ,
1271 3135 1397 3206 sed
1426 3159 1585 3209 casu
1617 3136 1939 3229 quodam
1964 3130 2543 3209 transmittuntur
2563 3186 2591 3223 ,

667 3244 1050 3337 quomodo
1090 3245 1354 3320 habere
1387 3247 1797 3341 quidquam
1826 3263 2102 3323 certum
2136 3270 2595 3325 mansurum-

665 3366 757 3427 ve
812 3370 1154 3449 possunt,
1202 3356 1519 3449 suspensi
1566 3346 1653 3429 et'
1676 3358 1833 3455 vagi
1852 3359 1904 3429 θ’
1924 3358 2159 3449 Pauci
2188 3372 2358 3432 sunt
2379 3408 2417 3445 ,,
2454 3356 2592 3451 qui

665 3464 964 3535 consilio
995 3486 1066 3533 se
1098 3485 1368 3557 suaque
1388 3462 1802 3559 disponant:
1838 3468 2051 3539 ceteri
2076 3491 2329 3541 eorum
2356 3490 2595 3556 more,

669 3595 855 3664 quae
878 3572 1306 3647 fluminibus
1334 3574 1662 3661 innatant
1679 3627 1704 3665 ‚
1748 3601 1900 3649 non
1924 3596 2105 3651 eunt
2126 3630 2150 3667 ,
2190 3576 2315 3651 sed
2342 3576 2595 3651 ferun·-

614 3702 618 3708 ·
672 3696 813 3751 tur..
841 3682 956 3754 Ex-
973 3686 1242 3777 quibus
1265 3686 1396 3757 alia
1422 3676 1651 3761 lenior
1675 3688 1872 3761 unda
1902 3688 2213 3761 detinuit
2233 3738 2258 3775 ‚
2296 3707 2380 3761 ac
2404 3688 2595 3759 rnol-

670 3789 806 3864 lius
847 3794 1084 3883 vexit3
1125 3788 1269 3867 alia
1292 3796 1792 3873 vehementior
1836 3798 2113 3894 rapuit5
2170 3797 2302 3871 alia
2344 3794 2597 3893 proxi·-
