2809 4850
668 335 807 416 128
1044 335 1129 412 L.
1176 325 1626 408 ANNAEI
1668 331 2209 410 SENECAE

662 501 973 578 modum
1006 499 1353 590 dormian,
1396 497 1803 590 quaeritur,
1847 498 2080 568 scitur.
2117 497 2231 572 Eo
2253 497 2396 572 tibi
2429 497 2622 572 dili-

661 613 942 715 gentius
978 611 1375 684 vivendum
1404 623 1528 681 est.
1578 609 1794 681 Tunc
1843 624 2090 680 autem
2127 608 2412 686 felicem
2447 633 2622 684 esse

660 735 739 792 te
760 719 1001 792 iudica
1018 768 1042 806 ‚
1066 741 1301 811 quum
1326 714 1587 810 poteris
1602 715 1678 786 in
1707 714 2011 809 publico
2027 714 2279 810 ‘vivere
2294 765 2318 805 ,
2347 740 2611 810 quum

576 911 581 919 ¹
660 845 739 902 te
760 829 1059 923 parietes
1080 825 1191 896 tui
1220 839 1464 920 tegent
1481 873 1504 910 ,
1534 847 1686 894 non
1709 823 2194 910 abscondent3
2225 848 2415 918 quos
2427 828 2612 920 ple-

662 967 975 1037 rumque
1022 939 1498 1012 circumdatos
1539 937 1750 1010 nobis
1804 937 2202 1010 iudicamus
2227 989 2251 1024 ‚
2305 961 2467 1010 non
2511 955 2610 1012 ut

662 1052 891 1126 tutius
910 1051 1267 1136 vivamus,
1308 1047 1433 1120 sed
1473 1063 1558 1120 ut
1583 1071 1964 1142 peccemus
1989 1048 2358 1120 occultius.
2399 1050 2604 1124 Rem

666 1161 929 1248 dicam,
950 1183 1041 1230 ex
1058 1183 1201 1253 qna
1218 1181 1448 1229 mores
1469 1158 1826 1230 existimes
1847 1176 2120 1228 nostros
2139 1187 2153 1226 :
2187 1157 2314 1228 vix
2331 1183 2605 1254 quem·

664 1270 1255 1368 quan-invenies,
1288 1269 1421 1360 qui
1447 1269 1664 1361 possit
1691 1287 1940 1362 aperto
1971 1270 2154 1340 ostio
2181 1270 2440 1342 vivere.
2477 1267 2602 1342 Ia-

659 1385 927 1454 nitores
958 1379 1411 1450 conscientia·
1425 1399 1698 1464 nostra,
1741 1403 1893 1448 non
1936 1379 2260 1472 superbia
2283 1431 2306 1464 ‚
2341 1404 2598 1474 oppo-

660 1489 826 1563 suit.
862 1485 979 1562 Sic
1014 1488 1360 1575 vivimus,
1390 1500 1482 1558 υτ
1523 1486 1976 1580 deprehendi
2013 1490 2142 1575 sit,
2176 1488 2424 1563 subito
2457 1487 2599 1562 ad-

580 1615 599 1660 '·
655 1599 853 1694 epici.
884 1597 1085 1704 Quid
1112 1615 1353 1668 autem
1386 1594 1684 1690 prodest
1709 1597 2108 1670 recondere
2147 1621 2220 1675 se
2242 1647 2277 1683 ,
2307 1614 2380 1670 et
2401 1619 2598 1672 ocu·-

660 1709 1190 1782 los·hbminum
1228 1729 1578 1800 auresque
1603 1707 1874 1779 vitare?
1917 1707 2110 1782 Bona
2152 1710 2596 1794 conscientia

660 1821 951 1894 turbam
997 1818 1333 1890 advocate
1380 1819 1565 1886 mala
1593 1817 1808 1888 etiam
1853 1817 1930 1888 in
1959 1817 2342 1890 solitudine
2375 1820 2595 1891 anxia

662 1946 891 2023 atque
942 1925 1241 2000 sollicita
1287 1941 1410 1996 est.
1477 1921 1552 1994 Si
1600 1925 1892 1996 honesta
1933 1941 2103 1996 sunt
2147 1949 2330 2018 quae
2370 1923 2594 2014 facis,

662 2061 915 2110 omnes
934 2036 1194 2108 sciantz
1228 2036 1283 2106 si
1307 2033 1548 2128 turpia
1577 2085 1602 2120 ,
1630 2035 1814 2126 quid
1839 2034 2050 2107 refert
2071 2036 2438 2108 neminem
2459 2037 2598 2110 sci-

659 2169 743 2218 re
764 2195 787 2232 ,
814 2169 1045 2240 quum
1073 2161 1155 2217 tu
1190 2144 1355 2214 scias
1372 2146 1408 2214 Ρ
1443 2145 1518 2214 O
1543 2164 1616 2214 te
1647 2137 1984 2216 miserum
2005 2197 2030 2236 ‚
2071 2142 2127 2214 si
2150 2143 2594 2218 comtemnit

658 2255 855 2328 hunc
878 2253 1170 2326 testem!
1211 2253 1416 2328 Vale.

1086 2394 1735 2473 EPISTOLA
1804 2398 2134 2475 XLIV.

656 2534 870 2591 Pulchra
895 2535 1132 2605 epistola·
1167 2535 1330 2590 Nemo
1354 2552 1412 2589 se
1435 2554 1464 2587 a
1485 2536 1652 2605 stirpe
1679 2550 1992 2609 contemnat,
2019 2540 2066 2594 si
2081 2538 2145 2595 ad
2165 2538 2466 2613 Sapientiam
2482 2578 2502 2607 ,
2529 2536 2590 2595 id
2701 2546 2710 2555 “

790 2628 874 2670 est
886 2616 1179 2680 virtutem,
1196 2618 1361 2671 venit.
1386 2616 1525 2670 Haec
1545 2619 1660 2671 sola
1684 2617 1940 2673 nobilitat.

1043 2755 1385 2835 SENECA
1418 2759 1677 2833 Lucilio
1717 2786 1831 2835 suo
1865 2761 2184 2833 Salutem.

660 2858 1017 2993 ITERUM
1050 2936 1135 2992 tu
1163 2922 1341 2995 mihi
1364 2924 1452 2997 te‘
1465 2924 1803 3019 pusillum
1831 2922 2030 3010 facis,
2069 2937 2144 2995 et
2172 2922 2382 3009 dicis,
2419 2944 2586 2995 ma·-

657 3024 917 3127 lignius
956 3044 1198 3101 tecum
1242 3035 1459 3130 egisse
1499 3050 1827 3107 naturam
1866 3034 2100 3127 prius,
2139 3021 2402 3103 deinde
2427 3029 2583 3105 fot·-

655 3154 951 3227 tunam3
990 3162 1223 3234 quum
1264 3141 1482 3235 possis
1509 3144 1824 3215 eximere
1847 3162 1920 3213 te
1952 3140 2172 3239 vulgo
2195 3191 2216 3230 ‚
2255 3156 2326 3213 et
2351 3140 2444 3213 ad
2467 3140 2584 3213 fe·-

654 3247 997 3319 licitatem
1016 3252 1347 3321 omnium
1374 3254 1762 3321 maximam
1786 3251 2174 3347 emergere!
2195 3288 2267 3305 -
2289 3247 2578 3343 Siquid

655 3374 762 3431 ωε
780 3356 979 3429 aliud
1006 3356 1081 3427 in
1103 3358 1552 3454 philosophia
1576 3360 1781 3448 boni,
1808 3360 1944 3431 hoc
1966 3376 2094 3447 est,
2125 3359 2330 3454 quod
2349 3375 2578 3431 stem-

656 3492 777 3539 ma
803 3490 957 3540 non
980 3468 1283 3563 inspicit.
1323 3472 1602 3543 Omnes
1623 3523 1645 3561 ,
1675 3472 1730 3541 si
1765 3470 1862 3541 ad
1891 3471 2232 3569 originem
2263 3472 2576 3566 primam

656 3594 1125 3665 revocantur,
1168 3582 1207 3649 a
1240 3578 1387 3649 Diis
1425 3593 1613 3649 sunt.
1674 3578 1912 3672 Eques
1938 3580 2301 3651 Romanus:
2339 3604 2454 3669 en,
2493 3594 2578 3651 et

529 3756 543 3773 ,
656 3682 751 3752 ad
792 3684 987 3759 hunc
1031 3688 1359 3759 ordinem
1402 3704 1526 3761 tua
1565 3706 1640 3761 te
1678 3689 2019 3785 perduxit
2065 3690 2446 3765 industria:
2496 3706 2576 3763 at

658 3793 1097 3871 mehercules
1126 3801 1369 3873 multis
1395 3800 1946 3897 quatuordecim
1965 3798 2352 3877 clusi‘sunt.
2375 3800 2573 3881 'Non
