2809 4850
526 417 1338 498 EPISTOLA
1424 421 1777 500 Lxxv.
1972 427 2157 538 2⁴53⁴

179 603 437 661 torum
478 604 621 679 est,
659 611 924 688 magno
947 603 1192 662 tamen
1217 579 1588 664 intervallo
1614 589 1707 663 ab
1742 587 1875 662 illis
1899 587 2115 666 didu-

181 700 414 787 citu13
447 699 633 771 inter
655 699 842 794 ipsos
883 691 1184 795 quoque
1212 701 1629 799 Prqficientes
1653 718 1818 775 sunt
1856 725 2113 800 magna

179 803 616 882 discrimina.
659 809 749 882 In
773 828 912 886 tres
939 811 1213 901 classes,
1245 830 1329 883 ut
1371 811 1799 904 quibusdam
1831 812 2063 908 placet
2087 857 2115 896 ‚

181 915 638 998 dividuntur.
668 918 888 994 Primi
913 939 1123 1012 sunt,
1166 921 1296 1015 qui
1334 922 1748 1016 sapientiam
1774 917 2115 993 nondum

179 1027 460 1129 habeut
481 1080 503 1117 ,
545 1030 675 1102 sed
710 1031 953 1102 iamin
975 1031 1231 1103 vicinia
1259 1033 1406 1102 eius
1434 1031 1924 1102 constiterunt.
1967 1029 2115 1100 Ta·-

183 1161 367 1209 men
393 1140 643 1227 etiarn,
669 1139 872 1233 quod
897 1163 1134 1237 prope
1153 1155 1290 1228 est,
1314 1155 1513 1210 extra
1540 1156 1665 1210 est.
1701 1179 1772 1193 —
1799 1138 1955 1246 Qui
1974 1138 2119 1209 sint

181 1247 317 1336 hi,
360 1249 689 1341 quaeris?
728 1288 800 1302 -
857 1249 1015 1356 Qui
1055 1273 1304 1321 omnes
1347 1249 1490 1319 iam
1533 1248 1851 1320 adfectus
1890 1272 1970 1320 ac
2008 1248 2119 1317 vi-

185 1356 291 1427 tia
335 1374 772 1450 posuerunt3
815 1383 999 1452 quae
1043 1375 1240 1431 erant
1283 1357 1833 1452 complectenda
1856 1409 1880 1448 ‚
1926 1358 2119 1430 didi-

185 1481 487 1537 ceruntz
529 1465 652 1536 sed
675 1466 807 1536 illis
845 1465 1083 1539 adhuc
1109 1468 1475 1559 inexperta
1502 1467 1765 1539 fiducia
1790 1482 1893 1538 est
1912 1492 1934 1554 3
1974 1466 2115 1538 bo·-

183 1595 380 1643 num
399 1595 612 1644 suum
625 1573 979 1645 ,nondum
1001 1573 1088 1646 in·
1107 1599 1240 1644 usu
1268 1575 1557 1645 habent.
1593 1575 1743 1649 Iam
1766 1576 2115 1657 tamenin

187 1681 359 1769 illa,
397 1699 584 1776 quae
624 1682 1001 1781 fugerunt,
1037 1683 1366 1756 decidere
1401 1709 1555 1756 non
1588 1701 1921 1779 possunt3
1971 1683 2115 1754 iam

190 1791 302 1861 ibi
326 1806 532 1878 sunt,
573 1793 774 1863 unde
806 1816 954 1880 uon
993 1811 1096 1865 est
1133 1793 1324 1870 retro
1363 1795 1629 1887 lapsusz
1660 1792 1792 1876 ‚sed
1818 1795 1957 1866 hoc
1986 1792 2121 1864 illis

191 1899 290 1972 de
322 1923 396 1971 se
425 1900 762 1974 nondum
795 1903 1062 2002 liquet:
1113 1903 1322 1994 quod
1365 1902 1443 1972 in
1480 1900 1791 1994 quadam
1818 1900 2118 1996 epistola

189 2008 532 2102 scripsisse
571 2033 689 2080 me
726 2009 1030 2096 memini
1059 2057 1082 2096 ,
1117 2013 1284 2080 scire
1305 2035 1376 2080 se
1398 2012 1711 2080 nesciunt.
1746 2009 1903 2080 iam
1941 2029 2116 2080 con-

190 2117 357 2215 tigit
385 2116 516 2206 illis
553 2116 756 2186 bono
778 2121 908 2188 suo
932 2115 1120 2205 frui,
1145 2116 1483 2188 nondum
1510 2115 1889 2188 confidere.
1924 2114 2116 2219 Qui·

194 2226 368 2296 dam
406 2225 546 2296 hoc
585 2224 1117 2297 Proficientium
1143 2247 1404 2322 genus,
1448 2224 1545 2296 de
1581 2248 1733 2318 quo
1764 2226 2118 2318 loquutus

192 2357 356 2405 sum
375 2385 398 2423 ‚
431 2335 526 2405 ita
553 2336 1139 2428 complectuntur
1157 2382 1180 2421 ,
1209 2349 1294 2404 ut
1316 2329 1742 2406 illosdicant
1766 2333 1911 2404 iam
1938 2332 2117 2404 effu-

193 2444 371 2540 gisse
401 2444 690 2517 morbos
711 2443 976 2534 animi,
1006 2442 1324 2517 adfectus
1361 2444 1697 2517 nondum
1717 2495 1740 2535 ,
1768 2461 1841 2517 et
1872 2444 2115 2517 adhuc

195 2556 276 2626 in
318 2554 592 2627 lubrico
631 2577 847 2645 stare3
887 2556 1054 2651 quia
1103 2581 1320 2628 nemo
1354 2555 1443 2627 sit
1472 2572 1669 2628 extra
1711 2558 2115 2653 perieulum

195 2666 541 2756 malitiae,
578 2667 708 2738 nisi
739 2668 872 2761 q'ui
909 2685 1136 2739 totam
1163 2692 1318 2739 eam
1358 2668 1694 2739 excussit.
1739 2684 1961 2739 nemo
1986 2693 2116 2739 au·-

195 2794 350 2851 tem
399 2777 597 2848 illam
634 2776 934 2851 excussit
954 2826 979 2867 ,
1027 2776 1161 2849 nisi
1197 2778 1326 2871 qui
1359 2798 1495 2871 pro
1535 2776 1652 2847 ina
1676 2774 2113 2871 Sapientiam

196 2884 564 2959 adsumsit.

325 2994 540 3103 Quid
585 2996 772 3066 inter
813 2994 1058 3067 morbo-s
1100 2996 1305 3065 anivni
1344 2990 1619 3064 intersit
1656 3006 1729 3065 et
1774 2994 2112 3093 affectus.

81 3174 86 3181 .
197 3130 406 3200 saepe
435 3108 579 3177 iam
601 3103 788 3190 dixi3
828 3124 1024 3175 nunc
1055 3126 1352 3196 quoque
1376 3118 1451 3173 te
1474 3101 1908 3173 admonebo.
1936 3105 2119 3177 Mor-

203 3218 266 3287 bi
295 3232 465 3287 sunt
504 3216 920 3286 inveterata
938 3213 1144 3301 vitia,
1189 3229 1261 3284 et
1287 3210 1501 3298 dura;
1544 3228 1629 3283 ut
1658 3212 1985 3303 avaritia,
2032 3223 2119 3284 ut

203 3325 507 3397 ambitio
540 3322 794 3399 nimia:
825 3324 996 3395 haec
1026 3348 1256 3417 quum
1283 3322 1505 3392 semel
1541 3321 1861 3395 animum
1908 3346 2121 3415 cepe·-

201 3448 414 3522 runt,
459 3433 1019 3526 implicuerunt,
1069 3449 1141 3503 et
1173 3446 1522 3526 perpetua
1564 3431 1714 3502 eius
1752 3433 1938 3503 mala
1978 3452 2121 3503 esse

205 3562 621 3636 coeperunt.
665 3544 758 3613 Ut
803 3544 1110 3615 breviter
1159 3543 1402 3613 finiam
1426 3592 1457 3632 ‚
1480 3544 1744 3615 morbus
1791 3560 1894 3616 est
1930 3542 2127 3615 india

207 3654 401 3727 cium
449 3653 525 3723 in
575 3674 797 3745 pravo
841 3653 1198 3745 pertinax,
1244 3670 1617 3743 tamquam
1654 3649 1867 3723 valde
1901 3674 2118 3746 expe-

208 3762 436 3837 tenda
477 3762 656 3869 sint,
699 3786 882 3855 quae
918 3762 1167 3833 leviter
1197 3760 1596 3857 expetenda
1634 3776 1831 3831 sunt:
1886 3763 2037 3850 vel,
2064 3760 2122 3833 si
2230 3764 2235 3773 '

209 3875 476 3967 mavis,
528 3873 626 3945 ita
659 3871 1020 3945 finiamus:
1063 3871 1276 3949 nimis
1317 3870 1665 3945 inminere
1704 3871 1951 3947 leviter
1992 3894 2123 3967 pe·
