2809 4850
716 369 816 467 43,
967 389 976 398 -
1101 313 2251 440 1,.ΛΝΝἈΕ13ΕΝΕΕΑΕ

716 527 948 603 multa
981 523 1074 597 sis
1097 539 1585 618 consequutus
1605 573 1629 611 ,
1666 523 2071 595 recordare:
2114 547 2345 616 quum
2376 523 2651 620 adspe-

716 637 898 710 :teris
925 647 1114 726 quot
1138 647 1214 704 te
1241 633 1699 719 antecedant,
1742 629 1973 727 cogita
2008 647 2193 724 quot
2214 647 2645 724 sequantur.

716 745 794 817 Si
821 744 924 818 vis
947 760 1176 866 gratos
1209 763 1350 812 esse
1383 737 1711 810 adversus
1736 737 1929 810 Deos
1950 754 2025 810 et
2052 738 2379 812 adversus
2410 741 2647 814 vitam

615 897 622 902 ·
717 875 954 943 tuam,
987 835 1214 951 cogita
1241 875 1461 944 quarn
1480 852 1749 922 multos
1769 849 2228 922 antecesseris
2266 848 2476 955 Ouid
2504 850 2647 922 tibi

721 991 890 1040 curn
915 963 1204 1037 ceteris?
1233 979 1306 1040 te
1326 961 1475 1054 ipse
1496 960 1949 1032 antecessisti!
1980 959 2051 1030 F
2034 984 2231 1031 mem
2253 961 2645 1048 constitue,

723 1099 944 1169 quem
981 1074 1270 1144 transire
1302 1095 1395 1142 ne
1426 1071 1639 1164 possis
1686 1069 2027 1164 quidem,
2078 1071 2133 1139 si
2157 1071 2365 1142 velis:
2406 1070 2642 1142 disce·

725 1187 902 1257 dent
927 1181 1314 1276 aliquando
1337 1181 1461 1254 ista
1488 1181 1813 1251 inuidiosa
1839 1182 2027 1252 bona
2046 1231 2067 1266 ,
2096 1196 2169 1252 et
2190 1183 2645 1275 sperantibus

723 1287 1062 1379 meliora,
1107 1315 1327 1385 quam
1363 1291 1789 1383 adaequatis.
1837 1287 1911 1360 Si
1950 1290 2127 1384 quid
2170 1291 2245 1361 in
2287 1293 2422 1362 inis
2462 1309 2644 1366 esset

723 1403 970 1490 solidi,
1021 1400 1411 1495 aliqnando
1455 1418 1528 1471 et
1567 1400 1995 1493 implerent:
2054 1423 2253 1471 nunc
2302 1401 2645 1472 haurien-

723 1515 911 1587 tium
951 1514 1140 1584 sitim
1179 1509 1562 1606 concitam.
1607 1512 1981 1582 Mutantur
2015 1513 2306 1604 speciosi
2337 1513 2645 1607 adpara-

725 1639 875 1694 tus:
903 1639 1015 1710 et,
1048 1620 1252 1713 quod
1281 1619 1503 1690 futuri
1540 1620 1880 1714 temporis
1909 1620 2173 1692 incerta
2204 1645 2347 1691 sors
2372 1619 2642 1708 volvit,

725 1755 948 1826 quare
969 1730 1212 1825 potius
1246 1755 1284 1799 a
1321 1729 1610 1802 fortuna
1642 1730 2061 1824 impetrem,
2098 1745 2185 1800 ut
2208 1730 2370 1816 det3
2408 1755 2641 1824 quam

723 1866 770 1911 a
793 1866 946 1928 me,
969 1864 1066 1910 ne
1087 1839 1370 1932 petam?
1387 1840 1632 1943 Quare
1652 1859 1897 1912 autem
1920 1855 2198 1934 petam,
2222 1840 2497 1912 oblitus
2522 1839 2643 1910 fra·

724 1948 1006 2047 gilitatis
1043 1949 1442 2018 hnmanae?
1478 1971 1853 2046 congeram
1900 1949 1977 2018 in
2023 1948 2207 2041 quid
2249 1947 2641 2019 laborem?

722 2060 906 2130 Ecce
938 2059 1052 2130 hic
1084 2059 1233 2129 dies
1281 2059 1572 2130 ultimus
1611 2061 1761 2132 est!
1794 2075 1879 2131 ut
1926 2081 2078 2182 non
2104 2059 2193 2130 sit
2214 2109 2240 2148 ‚
2272 2083 2510 2156 prope
2548 2059 2640 2132 ab

723 2171 988 2242 ultimo
1011 2171 1152 2239 est!
1191 2169 1389 2242 Vale.

1201 2325 1851 2402 EPISTOLA
1921 2327 2153 2406 XVI.

719 2448 1096 2519 Philosophiam
1115 2448 1253 2503 vitae
1270 2449 1628 2513 necessariam,
1649 2451 1741 2505 sed
1769 2452 1901 2504 illam
1922 2470 2091 2507 veram
2109 2468 2248 2517 esse,
2266 2468 2395 2523 quae
2408 2452 2463 2505 in
2488 2452 2641 2507 factis

852 2532 948 2595 sit,
969 2545 1024 2585 et
1045 2532 1299 2601 profectu.
1323 2531 1539 2599 Disponi
1560 2532 1621 2584 ab
1642 2548 1701 2585 ea
1722 2534 1945 2586 actiones
1969 2546 2023 2586 et
2047 2531 2274 2587 consilia.
2312 2534 2433 2585 Non
2455 2534 2642 2585 obsta·

847 2630 936 2675 re,
951 2616 1000 2667 si
1015 2614 1194 2665 Fatum
1211 2613 1306 2676 sit,
1326 2618 1421 2666 an't
1437 2612 1665 2665 fortuna
1688 2613 1761 2665 sit
1774 2630 1791 2664 t
1813 2630 1925 2667 nam
1948 2624 2007 2666 et
2022 2612 2109 2665 illa
2134 2612 2465 2665 docebitDeo
2492 2627 2641 2678 pare·

848 2707 936 2753 re,
962 2703 1016 2745 et
1035 2690 1300 2747 Fortunam
1320 2707 1378 2743 ac
1397 2690 1617 2743 fortuita
1640 2689 1917 2757 aspernari.
1951 2689 2191 2742 Clausala
2215 2690 2334 2741 item
2354 2690 2415 2742 ab
2436 2688 2638 2757 Epictr·

846 2786 935 2823 ro:
956 2768 1234 2822 Secundum
1257 2782 1484 2822 naturam
1504 2770 1595 2839 qui
1612 2768 1769 2867 vivit,
1790 2768 1962 2823 dives:
1986 2786 2168 2839 sperne
2184 2769 2505 2841 opinionem·

1103 2898 1447 2973 SENECA
1482 2900 1733 2973 Lucilio
1766 2927 1877 2973 suo
1908 2901 2224 2973 Salutem.

720 3002 1130 3159 Ltq'umuz
1161 3064 1302 3136 hoc
1325 3063 1464 3136 tibi
1485 3116 1508 3153 ,
1543 3064 1811 3153 Lucili,
1845 3064 1989 3136 scio
2011 3114 2034 3152 ,
2066 3063 2433 3135 neminem
2458 3082 2634 3153 pos-

718 3194 792 3240 se
818 3170 1026 3243 beate
1045 3172 1318 3261 vivere,
1350 3196 1445 3243 ne
1478 3173 1934 3245 tolerabiliter
1964 3174 2268 3267 quidem
2289 3225 2311 3261 ,
2345 3172 2496 3243 sine
2530 3196 2635 3242 sa-

716 3280 1027 3373 pientiae
1043 3283 1321 3368 studi03
1356 3298 1429 3353 et
1455 3284 1736 3353 beatam
1764 3281 1985 3355 vitam
2015 3282 2323 3377 perfecta
2353 3279 2633 3375 sapien·

716 3388 812 3461 tia
840 3391 1010 3462 effici
1029 3442 1051 3478 ,
1081 3408 1394 3463 ceterum
1416 3392 1858 3463 tolerabilem
1886 3392 2093 3463 etiam
2115 3393 2458 3464 inchoata.
2482 3384 2627 3459 Sed

717 3500 896 3588 hoc,
925 3498 1126 3593 quod
1159 3498 1419 3594 liquet,
1456 3500 1887 3572 firmandum
1928 3519 2002 3573 et
2024 3503 2228 3574 altius
2263 3502 2629 3596 quotidia-

717 3630 811 3677 na
849 3608 1310 3681 meditatione
1353 3607 1724 3707 figendum
1763 3625 1885 3681 est.
1926 3612 2096 3685 Plus
2135 3613 2362 3705 operis
2400 3625 2505 3682 est
2547 3609 2623 3679 in

717 3738 806 3784 eo
829 3765 852 3802 ,
879 3735 961 3790 ut
985 3718 1346 3814 proposita
1369 3720 1742 3808 custodias,
1756 3744 1985 3815 quam
2020 3738 2105 3794 ut
2133 3724 2429 3792 honesta
2451 3744 2626 3815 pro·-

711 3846 952 3917 ponas.
977 3828 1572 3904 Perseverandum
1598 3844 1744 3922 est,
1775 3848 1849 3903 et
1886 3831 2184 3905 adsiduo
2226 3831 2472 3905 studio
2509 3854 2633 3905 ro·
