2809 4850
576 377 1725 502 EpisToLAxm
2024 411 2117 492 ς,

173 543 324 630 τίς,
369 539 690 614 multum
720 533 1070 635 pristinae.
1096 543 1288 614 lucie.
1341 543 1921 650 Quietem'potes
1949 546 2115 621 vin-

185 651 430 724 dicare
453 701 478 740 ‚
523 651 674 724 sine
700 652 912 725 ullius
937 651 1109 724 odio
1133 703 1158 742 ,
1189 653 1344 726 sine
1381 655 1731 728 desiderio
1752 677 1881 728 aut
1912 681 2109 728 mor-
2136 667 2141 672 ’

177 785 264 831 su
293 761 526 833 animi
543 761 672 833 tui.
705 759 912 867 Quid
937 763 1134 854 enim
1166 763 1523 858 relinques
1542 817 1563 851 ,
1600 765 1809 860 quod
1842 765 2113 838 invitus

181 871 528 944 relictum
561 897 604 942 a
629 887 702 944 te
739 871 955 965 possis
998 873 1353 970 cogitare?
1389 873 1743 946 Clientes?
1788 899 2111 969 quorum

179 1001 410 1052 nemo
434 995 518 1051 te
539 979 774 1076 iprum
797 979 1122 1074 sequitur
1140 1032 1163 1070 ‚
1193 981 1316 1054 sed
1339 981 1619 1076 aliquid
1646 1006 1739 1056 ex
1760 984 1869 1056 te!
1906 985 2112 1058 Ami-

185 1115 304 1164 cos
322 1091 372 1176 ἓ,
385 1092 570 1164 olim
593 1093 896 1164 amicitia
919 1094 1298 1188 petebatur
1319 1147 1341 1182 ‚
1381 1090 1580 1170 nunc
1604 1095 1907 1192 praeda!
1940 1097 2110 1168 Mn-

187 1197 456 1272 tabunt
504 1217 922 1274 testamenta
974 1201 1296 1274 destituti
1343 1227 1575 1291 senen
1636 1204 1971 1304 migrabit
2012 1203 2107 1276 ad

183 1309 384 1381 aliud
413 1311 639 1380 limen
678 1313 1048 1382 salutator:
1091 1335 1246 1385 non
1285 1329 1525 1408 potest
1561 1338 1779 1408 parvo
1809 1339 1918 1386 ren
1958 1339 2111 1388 rna·

185 1443 322 1516 gna
355 1439 707 1492 constare.
757 1419 1068 1493 Aestima
1115 1440 1358 1495 utrum
1405 1439 1479 1494 te
1520 1424 1924 1516 relinquere
1944 1475 1969 1512 ,
2008 1447 2104 1496 an

91 1583 97 1586 -
183 1528 464 1623 aliquid
501 1553 593 1602 ex
624 1531 1013 1603 tuis-malis.
1062 1531 1352 1604 Utinam
1390 1532 1692 1626 quidem
1730 1532 1865 1603 tibi
1901 1557 2108 1606 sene·-

179 1659 372 1707 scere
394 1637 800 1734 contigisset
825 1637 1006 1710 intra
1039 1641 1384 1710 natalium
1408 1655 1702 1709 tuorum
1748 1637 2057 1714 modum
2078 1689 2105 1730 ,

185 1767 318 1816 nec
343 1761 422 1816 te
445 1746 524 1816 in
543 1749 770 1817 altum
799 1744 1088 1817 fortuna
1111 1746 1441 1818 misisset!
1480 1746 1687 1817 Tulit
1708 1761 1783 1818 te
1815 1747 2031 1844 longe
2062 1771 2106 1818 a

188 1867 580 1946 conspectu
607 1853 794 1924 vitae
817 1853 1109 1926 salubris
1131 1849 1371 1946 rapida
1391 1850 1716 1937 felicitas,
1738 1851 2106 1944 provincia
2226 1884 2231 1897 ·

189 1975 264 2032 et
291 1959 749 2055 procuratio,
793 1975 868 2032 et
905 1959 1275 2054 quidquid
1317 1961 1410 2032 ab
1443 1958 1587 2032 istis
1618 1956 2102 2052 promittitun

186 2069 452 2142 maiora
475 2067 742 2140 deinde
765 2069 992 2140 officia
1015 2086 1090 2142 te
1127 2070 1485 2164 excipient
1498 2121 1519 2154 ‚
1557 2087 1633 2140 et
1656 2092 1750 2140 ex
1774 2066 2103 2138 aliis-alia.

193 2180 381 2284 Quis
423 2178 658 2252 exitus
685 2179 864 2250 erit?
902 2179 1084 2271 quid
1123 2193 1481 2273 exspectas
1516 2177 1752 2250 donec
1780 2176 2101 2249 desinas?

189 2291 516 2379 Habere,
565 2291 772 2383 quod
821 2291 1105 2386 cupias?
1158 2289 1577 2384 Numquam
1618 2290 1753 2364 erit
1790 2306 2101 2384 tempus.

187 2398 858 2504 Qualemdicimus
897 2399 1042 2473 este
1071 2401 1320 2473 seriem
1359 2422 1723 2473 causarum
1744 2450 1770 2487 ‚
1812 2421 1907 2471 ex
1932 2396 2101 2505 qui-

185 2506 322 2581 bus
345 2510 662 2604 nectitur
683 2510 912 2583 fatum
931 2560 956 2597 ‚
992 2513 1202 2605 talem
1231 2527 1316 2583 et
1327 2509 1807 2603 cupiditatum
1830 2532 1853 2579 ι
1886 2509 2117 2579 altera·

190 2642 281 2690 ex
326 2618 472 2691 fine
511 2618 794 2697 alterius
829 2621 1155 2693 nascitur.
1192 2621 1276 2693 In
1311 2646 1468 2693 eam
1503 2620 1843 2711 deminui
1884 2642 1961 2690 es
1990 2620 2102 2691 vi·-

189 2744 328 2799 tam
354 2780 380 2819 ,
417 2752 610 2824 quae
637 2750 1048 2823 numquam
1069 2729 1205 2802 tibi
1234 2730 1667 2801 miseriarum
1702 2728 2097 2801 terminum

194 2862 266 2908 ac
287 2840 640 2911 servitutis
661 2840 810 2934 ipea
837 2840 1101 2913 factura
1131 2843 1238 2911 sit·
1278 2840 1579 2911 Subduc
1598 2839 1947 2913 cervicem
1984 2842 2096 2909 iu·-

195 2970 283 3073 go
301 2947 586 3019 tritam.
617 2950 836 3020 semel
859 2948 1052 3019 illam
1081 2949 1301 3023 incidi
1323 2999 1346 3034 ‚
1377 2972 1595 3043 quam
1634 2972 1911 3043 semper
1936 2971 2097 3063 pre-

193 3059 331 3145 mi,
369 3058 584 3130 satius
607 3077 728 3131 est.
762 3056 842 3129 Si
881 3076 954 3130 te
981 3058 1082 3129 ad
1102 3058 1378 3151 ’privata
1422 3052 1778 3147 retuleriS,
1818 3057 2096 3127 minora

192 3184 424 3237 erunt
443 3167 684 3240 omnia
705 3218 732 3257 ‚
781 3168 906 3238 sed
951 3167 1214 3239 affatim
1267 3167 1733 3260 implebunt.
1782 3180 1856 3236 at
1896 3186 2095 3236 nunc

193 3278 492 3368 plurima
531 3293 606 3349 et
643 3277 974 3371 undique
1019 3277 1284 3376 ingesta
1325 3298 1479 3347 non
1520 3275 1791 3347 satiant.
1834 3272 2094 3347 Utrum

191 3404 422 3461 autem
458 3390 723 3477 mavia,
759 3415 850 3462 ex
877 3392 1122 3485 inopia
1155 3392 1629 3476 saturitatem,
1672 3412 1763 3460 an
1786 3388 1863 3459 in
1886 3388 2095 3479 copia

191 3497 500 3572 famem?
536 3500 628 3571 Et
653 3500 856 3571 avida
882 3498 1172 3571 felicitas
1199 3516 1302 3571 est
1317 3551 1340 3586 ,
1385 3518 1461 3569 et
1485 3500 1751 3569 alienae
1774 3489 2091 3567 aviditati

189 3610 518 3703 exposita.
554 3609 932 3715 Quamdiu
951 3608 1087 3681 tibi
1115 3608 1270 3681 satis
1289 3606 1473 3678 nihil
1503 3604 1799 3690 fuerit,‘
1782 3626 1929 3695 ipse
1940 3601 2091 3674 aliis

189 3742 338 3792 non
363 3723 516 3793 eris.
564 3771 612 3811 ,‚
635 3721 1127 3825 Quomodo,
1107 3720 1384 3814 inquis,
1415 3717 1683 3789 exibo?
1705 3724 1755 3761 ‘⁶
1791 3714 2092 3787 Utcum-

187 3835 364 3927 que!
415 3833 712 3933 Cogita,
742 3858 964 3928 quam
1005 3834 1231 3905 multa
1269 3849 1545 3905 temere
1578 3852 1713 3925 pro
1743 3834 2088 3928 pecunia,
