2809 4850
565 379 700 462 182
917 376 997 450 L.
1048 373 1511 452 ANNAEI
1568 369 2113 448 SENECAE

555 541 778 612 stolae
818 561 970 610 non
1022 535 1318 632 potest?
1345 501 1349 505 ¹
1373 535 1555 608 Vale
1606 555 1815 634 ergo:
1845 533 2085 628 -quod
2133 531 2491 608 libentius

557 676 778 748 quam
806 666 1069 724 mortes
1092 673 1314 723 meras
1333 651 1647 720 lecturus
1664 663 1755 718 ee.
1790 645 1994 718 Vale.
2122 664 2130 672 ·

1031 839 1695 926 EPISTOLA
1764 839 1993 914 LIX.

551 990 858 1062 Voluptatis
877 1003 932 1047 et
949 988 1138 1066 Gaudii
1159 987 1462 1042 discrimen:
1492 991 1647 1058 atque
1674 987 1775 1042 hoe
1798 989 2073 1044 honestum
2102 989 2319 1042 verbum
2346 1003 2491 1042 esse.

687 1085 880 1138 Laudat
895 1083 1076 1136 deinde
1095 1081 1267 1135 stilum
1287 1080 1494 1151 Lucilii,
1512 1093 1568 1134 et
1592 1080 1901 1150 philosopho
1924 1081 2081 1135 verba
2108 1079 2232 1134 item
2253 1097 2365 1134 non
2388 1096 2489 1132 ne·

685 1174 944 1249 gligenda;
963 1174 1189 1238 amandas
1211 1173 1364 1227 etiam
1383 1174 1640 1242 parabolas
1660 1185 1813 1240 atque
1833 1171 2091 1241 imagines.
2123 1171 2267 1224 Serio
2285 1183 2457 1223 autem
2470 1207 2492 1235 ,

685 1271 794 1319 non*
809 1269 977 1318 obiter
1007 1264 1466 1334 philosophandum
1498 1280 1643 1317 esse:
1676 1280 1771 1318 nee
1802 1263 1949 1317 nobis
1976 1262 2103 1334 ipsis
2134 1262 2241 1318 cito
2275 1265 2488 1334 placen-

683 1356 822 1414 dum.
843 1357 988 1425 Quae
1007 1355 1226 1410 adulatio
1248 1373 1344 1410 nos
1369 1355 1553 1425 perdit.

873 1508 1308 1596 8ΕΝΕσΑ,
1327 1508 1579 1578 Lucilio
1620 1531 1733 1578 suo
1770 1506 2085 1580 Salutem.

1814 1621 1853 1660 Ο

559 1611 774 1749 MA
785 1687 1016 1742 GNAM
1055 1695 1147 1742 ex
1175 1670 1473 1766 epistola
1504 1686 1627 1740 tua
1652 1671 1943 1765 percepi
1982 1670 2475 1764 voluptatem·

553 1780 894 1872 permitte
930 1779 1126 1851 enim
1169 1781 1348 1850 mihi
1376 1779 1486 1850 uti
1522 1778 1751 1852 verbis
1788 1777 2135 1874 publicis,
2186 1799 2327 1850 nec
2361 1779 2483 1850 illa

555 1886 650 1959 ad
679 1887 1263 1985 significationem
1317 1890 1609 1962 stoicam
1662 1889 1937 1972 revoca.
1988 1889 2280 1960 Vitium
2330 1913 2477 1960 esse

556 1997 1010 2088 voluptatem
1033 1996 1406 2068 credimus.
1468 1996 1575 2074 Sit
1600 2001 1797 2068 sane:
1822 2013 2093 2090 ponere
2119 2010 2365 2068 tamen
2403 1998 2485 2068 il·
2511 2017 2519 2022 “

556 2105 705 2174 lam
751 2107 1060 2176 solemus
1104 2104 1192 2176 ad
1242 2107 1869 2206 demonstrandam
1916 2105 2139 2177 animi
2184 2108 2482 2178 hilarem

555 2215 1056 2292 adfectionem.
1104 2213 1673 2312 Sci0,inquam,
1716 2218 2208 2314 et'voluptatem
2250 2216 2351 2313 (si
2386 2213 2483 2284 ad

477 2340 883 2402 ”nostrum
934 2326 1179 2395 album
1222 2330 1439 2418 verba
1472 2327 1895 2422 dirigimus)
1936 2351 2087 2398 rem
2132 2323 2484 2396 infamem

438 2438 444 2447 ’
555 2458 738 2520 esse3
763 2451 834 2503 'et
847 2436 1194 2527 gaudium
1215 2436 1346 2506 nisi
1371 2437 1697 2530 sapienti,
1722 2460 1871 2509 non
1900 2436 2346 2533 contingere.
2378 2450 2485 2506 est

555 2543 753 2615 enim
783 2544 1002 2611 animi
1029 2544 1286 2629 elatio,
1329 2546 1467 2615 suis
1492 2546 1699 2616 bonis
1726 2544 2143 2638 viribusque
2168 2543 2481 2616 fidentis.

550 2638 801 2743 Vulgo
829 2669 1069 2724 tamen
1095 2648 1188 2721 sic
1214 2650 1619 2745 loquimur,
1660 2669 1743 2723 ut
1772 2649 2107 2749 dicamus,
2129 2676 2483 2751 magnum

476 2764 480 2773 ’
549 2757 894 2857 gaudium
933 2780 1062 2829 nos
1105 2783 1195 2831 ex
1220 2759 1406 2833 illius
1430 2760 1841 2847 consulatu,
1877 2775 2019 2835 aut,
2042 2782 2134 2830 ex
2172 2760 2481 2853 nuptiis,

549 2880 677 2935 aut
719 2890 810 2937 ex
845 2884 1053 2960 partu
1101 2870 1336 2939 uxoris
1375 2868 1805 2962 percepisse3
1854 2894 2041 2964 quae
2088 2868 2269 2940 adeo
2324 2892 2483 2940 non

549 2985 722 3047 sunt
746 2976 1037 3075 gaudia,
1069 2997 1151 3049 ut
1171 3004 1376 3072 saepe
1404 2979 1603 3051 initia
1632 2980 1913 3056 futurae
1942 2982 2259 3053 tristitiae
2285 2983 2429 3052 sint
2456 3009 2478 3052 ε

548 3080 1079 3183 gaudioautem
1104 3086 1437 3160 iunctum
1465 3106 1567 3159 est
1589 3140 1611 3175 ,
1652 3084 2160 3161 non‘desinere
2181 3140 2204 3175 ,
2230 3112 2364 3159 nec
2398 3089 2479 3158 in

551 3192 896 3267 contraria
924 3197 1118 3267 verti.
1165 3197 1675 3291 Itaque‘quum
1715 3199 1886 3269 dicit
1918 3198 2165 3285 V1RG'
2184 3216 2212 3267 Ι
2234 3216 2279 3267 L
2300 3217 2329 3267 1
2357 3216 2406 3265 U
2436 3215 2475 3267 s

547 3322 827 3391 noster,
859 3304 946 3374 Et
970 3307 1146 3377 mala
1171 3311 1400 3377 mentis
1412 3308 1717 3401 gaudiam
1750 3306 2017 3386 diserte
2036 3304 2335 3400 quidem
2364 3304 2477 3374 di·
2527 3292 2534 3295 ⁸

550 3416 693 3504 cit,
704 3414 840 3486 sed
865 3439 1120 3509 parum
1143 3440 1461 3523 proprie,
1498 3417 1785 3486 nullum
1820 3413 2013 3507 enim
2042 3415 2283 3486 malum
2302 3442 2479 3521 gau-

549 3522 726 3595 dium
760 3542 878 3597 est.
918 3524 1429 3621 Voluptatibus
1475 3526 1611 3595 hoc
1653 3548 1924 3597 nomen
1974 3527 2333 3620 inposuit,
2391 3542 2469 3595 et

549 3633 756 3727 quod
799 3634 1067 3721 voluit,
1107 3638 1485 3729 expressit,
1528 3634 1942 3732 significavit
1992 3636 2183 3707 enim
2230 3635 2475 3707 homi-

548 3752 676 3810 πεε
698 3740 884 3809 malo
917 3762 1045 3808 suo
1077 3741 1314 3811 laetos.
1348 3740 1631 3831 Tamen
1655 3763 1967 3837 ego-non
2001 3740 2335 3812 inmerito
2362 3740 2478 3811 di-

549 3866 787 3919 xeram
811 3896 836 3935 ,
883 3848 1138 3943 cepisse
1164 3874 1282 3921 me
1316 3846 1646 3968 magnam
1674 3874 1763 3923 ex
1786 3852 2081 3946 epistola
2114 3868 2236 3933 tua
2262 3852 2477 3923 volu-
