2809 4850
605 113 629 176 k

590 378 1420 456 „EPISTOLA
1497 380 1782 474 xLu.
1990 412 2120 489 ης

314 547 519 604 {mam
532 545 711 602 docet.
748 545 882 600 Tum
905 561 1011 598 non
1026 524 1361 602 'numana
1382 542 1438 597 in
1465 544 1690 602 amnis
1705 583 1724 612 ‚
1754 566 1890 620 qm
1909 550 2114 607 anm..

311 639 470 694 moda
480 673 501 704 5
518 650 611 692 aut
630 637 756 690 fals:
772 637 1035 691 commoda
1049 674 1065 700 ‚
1084 637 1293 692 habent.

574 789 922 864 SENECA
972 789 1227 862 Lucilio
1266 815 1383 864 suo
1429 789 1742 866 Salutem.

171 903 411 1040 IAM
440 965 579 1040 tibi
620 968 751 1038 iste
796 968 1179 1058 persuasit,
1220 967 1458 1040 vitum
1499 991 1572 1040 se
1598 968 1878 1067 bonum
1919 974 2116 1044 esse?
2215 1023 2226 1034 ·

50 1065 59 1082 ⁴
171 1075 431 1169 Atqui
470 1075 583 1148 vir
624 1075 860 1148 bonus
907 1088 1056 1146 tam
1098 1075 1245 1152 cito
1290 1099 1428 1146 nec
1469 1075 1623 1148 fieri
1667 1093 1946 1172 potest,
1985 1103 2122 1152 nec

169 1187 523 1284 intelligi.
579 1183 723 1258 Scis
766 1209 988 1281 quem
1044 1210 1255 1260 nunc
1298 1192 1510 1260 virum
1556 1191 1784 1264 bonum
1829 1191 2060 1290 dicam
2088 1195 2124 1264 Ρ

176 1298 405 1368 huius
452 1293 807 1370 'secundae
858 1297 1106 1367 notae!
1174 1320 1339 1374 narn
1392 1296 1514 1368 ille
1557 1299 1734 1370 alter
1788 1298 2074 1376 fortasse
2103 1354 2126 1391 ‚

177 1391 575 1509 tamquam
614 1405 937 1500 phoenix
958 1455 983 1493 ,
1035 1408 1256 1478 semel
1293 1429 1488 1478 anno
1537 1408 2120 1508 quingentesimo

180 1518 549 1607 nascita&
582 1539 719 1591 nec
751 1535 854 1590 est
878 1517 1141 1590 mirum
1161 1569 1185 1607 ‚
1212 1543 1307 1592 ex
1329 1518 1706 1593 intervallo
1730 1543 1985 1620 magna
2006 1545 2127 1622 ge·

182 1627 447 1701 nenti.
480 1627 875 1700 Mediocria
890 1677 915 1716 ,
956 1641 1031 1698 et
1066 1627 1145 1698 in
1171 1625 1458 1698 turbam
1481 1627 1836 1702 nascentia
1856 1679 1882 1720 ,
1911 1619 2126 1726 saepe

183 1736 488 1812 fortuna
508 1735 889 1832 producit:
934 1738 1191 1811 eximia
1217 1761 1385 1811 veto
1423 1738 1569 1831 ipsa
1601 1743 1886 1816 raritate
1913 1766 2124 1818 com·

186 1845 517 1919 mendat.
544 1841 689 1915 Sed
706 1845 834 1944 iste
850 1848 1169 1918 multum
1192 1845 1428 1916 adhuc
1449 1846 1648 1918 abest
1663 1845 1753 1918 ab
1775 1871 1894 1938 eo,
1917 1849 2129 1941 quod.
2222 1875 2233 1882 ·

186 1955 615 2050 profitetur;
647 1972 718 2026 et
739 2005 763 2044 ‚
784 1956 840 2026 si
868 1957 1073 2028 sciret
1096 1953 1279 2050 quid
1298 1969 1475 2026 esset
1496 1958 1604 2027 vir
1628 1955 1897 2045 bonus,
1939 1979 2128 2033 non·

194 2065 377 2136 dum
405 2091 553 2137 esse
570 2089 643 2138 se
664 2065 980 2139 crederet
993 2119 1016 2155 ,
1045 2066 1335 2140 fortasse
1360 2067 1577 2141 etiam
1599 2066 1754 2145 fieri
1771 2093 1975 2162 posse
1996 2069 2130 2142 de-

193 2193 529 2270 speraret.
559 2215 632 2228 —
666 2175 766 2248 At
782 2179 969 2248 nuile
984 2177 1341 2249 existimat
1358 2174 1453 2246 de
1467 2177 1702 2251 malie!
1737 2215 1812 2230 —
1837 2177 2002 2252 Hoc
2019 2194 2128 2250 et-

192 2289 339 2361 iam
364 2289 541 2362 mali
562 2289 871 2360 faciunt:
914 2311 1051 2360 nec
1069 2288 1214 2359 ulla
1240 2287 1469 2359 maior
1491 2310 1730 2379 poena
1757 2289 2128 2380 nequitiae

196 2419 300 2471 est
320 2452 345 2491 ,
386 2424 613 2495 quam
646 2399 855 2494 quod
890 2400 1130 2483 sibiae
1168 2399 1307 2471 ouis
1334 2397 1682 2494 displicet.
1714 2438 1788 2455 -
1836 2401 1934 2475 At
1959 2402 2126 2475 odit

196 2536 317 2583 eos
340 2513 480 2605 qui
510 2512 745 2585 subita
763 2529 837 2585 et
862 2528 1117 2613 magna
1130 2511 1458 2606 potentia
1480 2512 1896 2607 inpotenter
1913 2529 2129 2585 utun·

196 2624 354 2695 tur!
394 2660 471 2675 -
508 2621 713 2694 Idem
748 2620 1001 2709 faciet,
1037 2644 1271 2713 quum
1298 2620 1492 2693 idem
1516 2619 1800 2713 poterit.
1841 2618 2124 2694 Multo·-

200 2756 406 2820 rum,
458 2732 633 2825 quia
666 2729 1022 2801 inbecillia
1046 2746 1252 2817 sunt,
1301 2731 1532 2803 latent
1569 2730 1776 2815 vitia}
1815 2754 1965 2805 non
1991 2735 2127 2805 mi-

200 2864 335 2913 nus
361 2864 639 2927 ausura,
662 2863 897 2930 quum
922 2839 1055 2911 illis
1074 2839 1253 2912 vires
1271 2864 1438 2911 suae
1459 2839 1878 2929 placuerint,
1897 2868 2120 2937 quam

200 2945 359 3034 illa,
400 2969 593 3038 quae
634 2946 773 3017 iam
802 2945 1092 3017 felicitas
1122 2947 1424 3039 aperuit.
1448 2945 1948 3019 Instrumenta
1986 2949 2124 3021 iuis

203 3055 669 3151 explicandae
714 3056 1079 3147 nequitiae
1134 3058 1414 3127 desunt.
1479 3054 1596 3127 Sic
1629 3073 1794 3129 tuto
1839 3080 2130 3151 serpens

202 3166 419 3237 etiam
442 3164 769 3258 pestifera
796 3180 1129 3239 metatur
1146 3212 1171 3252 ,
1214 3164 1397 3235 dum
1423 3164 1606 3262 riget
1633 3162 1929 3263 frigeret
1965 3188 2124 3255 non
2219 3218 2232 3233 .

206 3276 475 3347 desunt
495 3292 677 3347 tunc
713 3274 819 3345 illi
850 3296 1123 3346 venena
1144 3322 1168 3361 ,
1204 3274 1333 3347 sed
1358 3291 1670 3367 torpent.
1713 3276 2124 3347 Multorum

200 3385 581 3457 crudelitas
598 3436 625 3474 ‚
662 3402 737 3457 et
761 3384 1061 3466 ambitio
1077 3428 1123 3472 ,·
1153 3406 1227 3457 et
1256 3385 1580 3473 luxuria,
1625 3402 1711 3459 ut
1743 3386 1932 3481 paria
1960 3408 2122 3478 pes-

203 3498 393 3567 simis
432 3496 700 3570 audeat
718 3546 744 3586 ,
789 3496 1119 3571 fortunae
1158 3495 1405 3568 favore
1447 3496 1795 3567 deficitur.
1849 3494 2124 3567 Eadem

202 3609 399 3677 velle
432 3632 557 3679 eos
584 3630 1000 3706 cognoscem
1042 3606 1134 3677 da
1165 3632 1405 3701 posse,
1439 3623 1804 3698 quantum
1837 3604 2117 3679 volunt.

204 3713 644 3805 Meministi,
694 3740 933 3811 quum
974 3716 1373 3809 quemdam
1414 3713 1816 3785 adfirmares
1853 3734 1997 3783 esse
2039 3711 2120 3783 in

203 3841 338 3901 tua„
353 3842 735 3923 potestate,
759 3826 1017 3901 dixisse
1030 3850 1175 3917 me,
1195 3825 1586 3900 volaticum
1603 3822 2122 3914 maelmin,
