2809 4850
621 351 635 366 ·
722 358 864 438 274
1092 332 1179 404 L.
1226 324 1671 402 ANNAEI
1731 321 2256 399 SENECAE
2317 327 2326 332 '

713 505 798 576 lis
841 463 1295 596 quantusque
1334 495 1465 582 sit3
1517 493 1795 581 alieno,
1843 515 1934 562 an
1964 515 2138 581 suo,
2179 511 2503 589 magnus.
2557 485 2625 562 si

712 615 913 688 rectis
939 607 1161 684 oculis
1184 604 1456 706 gladios
1481 605 1822 675 micantes
1857 601 2058 674 videt
2077 653 2100 690 ‚
2129 617 2204 672 et
2221 600 2278 671 si
2304 601 2434 672 scit
2459 651 2484 689 ,
2513 625 2625 672 sua

706 727 888 796 nihil
914 727 1281 805 interesse,
1312 730 1559 791 utrum
1579 715 1814 787 anima
1839 737 1966 808 pet
1992 738 2071 784 os
2087 762 2110 799 ,
2153 736 2244 782 an
2271 736 2402 805 per
2431 712 2624 808 iugu-

586 871 595 882 ·
706 838 865 908 lum
892 847 1138 916 exeat3
1180 827 1480 898 beatum
1522 845 1737 896 voca:
1783 827 1885 909 si,
1922 845 2158 916 quum
2203 821 2308 890 illi
2343 819 2622 892 denun-

703 947 877 1034 tiata
889 955 1061 1014 sunt
1083 937 1396 1034 corporis
1414 950 1796 1020 tormenta,
1824 950 1898 1006 et
1917 957 2102 1026 quae
2121 956 2282 1003 casu
2298 931 2623 1020 veniunt,

708 1068 785 1126 et
805 1075 996 1146 quae
1031 1045 1454 1145 potentioris
1483 1043 1740 1114 iniuria
1750 1067 1772 1129 3
1801 1042 1856 1112 si
1884 1041 2168 1112 vincula
2186 1091 2210 1129 ,
2240 1055 2316 1112 et
2350 1038 2624 1127 exsilia,

704 1178 781 1235 et
814 1183 1021 1232 vanas
1060 1158 1540 1229 humanarum
1579 1150 2004 1226 formidines
2037 1149 2403 1224 mentium
2434 1171 2624 1222 secu-

698 1259 843 1362 tus*
844 1266 1091 1356 audit,
1120 1284 1196 1340 et
1223 1263 1430 1336 dicit:
1512 1256 1515 1264 ’

906 1414 979 1428 —-
1017 1413 1091 1426 -
1126 1413 1200 1426 --
1240 1373 1397 1446 Non
1425 1373 1565 1446 ulla
1593 1372 1929 1446 laborum.

792 1517 829 1564 ο
858 1491 1044 1583 virgo
1062 1539 1089 1562 .
1110 1509 1277 1558 πονο
1306 1483 1633 1583 mz‘facies
1659 1487 1996 1584 inopinave
2015 1485 2234 1576 surgit
2253 1509 2280 1554 .·

796 1599 1015 1669 omnia
1028 1598 1328 1694 praecepi
1342 1647 1369 1670 ,
1396 1611 1589 1692 atque
1617 1597 1829 1666 animo
1865 1619 2110 1666 mecum
2133 1597 2267 1694 ipse
2277 1593 2527 1692 peregi.

693 1753 757 1796 ,‚
776 1704 903 1776 Tu
925 1703 1141 1777 hodie
1160 1703 1288 1774 ista
1306 1701 1692 1775 denuntias
1715 1729 1739 1790 3
1780 1727 1916 1801 ego
1941 1727 2223 1798 semper
2243 1702 2444 1774 denu
2453 1702 2612 1773 ntia·

689 1817 773 1886 vi
802 1813 1022 1903 mihi,
1052 1828 1127 1886 et
1152 1811 1530 1886 hominem
1558 1812 1796 1908 paravi
1828 1811 1925 1884 ad
1957 1814 2289 1886 humana.
2307 1821 2360 1860 “
2419 1813 2612 1885 Prae-

698 1924 992 2022 cogitati
1026 1923 1198 1996 mali
1232 1923 1473 1996 mollis
1513 1923 1694 1996 ictus
1729 1924 1948 1996 venit.
1988 1922 2088 1996 At
2121 1923 2353 1997 stultis
2383 1942 2457 1995 et
2486 1923 2611 1994 for-

694 2051 917 2108 tunae
950 2033 1408 2106 credentibus
1450 2033 1682 2106 omnis
1720 2031 2011 2106 videtur
2033 2057 2232 2134 nova
2263 2055 2507 2108 rerum
2546 2049 2609 2104 et

692 2144 1063 2237 inopinata
1088 2140 1333 2214 faciesz
1382 2165 1640 2240 magn-a
1671 2157 1916 2214 autem
1943 2166 2098 2237 pars
2133 2156 2237 2216 est
2274 2140 2479 2238 apud
2514 2143 2610 2213 in-

692 2250 957 2344 peritos
980 2249 1191 2336 mali,
1232 2249 1529 2322 novitas.
1575 2250 1739 2322 Hoc
1769 2266 1853 2322 ut
1873 2249 2080 2338 scias3
2117 2273 2197 2322 ea
2217 2303 2242 2339 ‚
2271 2275 2464 2346 quae
2485 2276 2608 2346 pu·

692 2369 1015 2433 caverant
1054 2381 1291 2455 aspera
1311 2408 1336 2446 ‚
1388 2357 1686 2449 fortius,
1734 2383 1968 2454 quum
2007 2359 2397 2435 adsuevere
2419 2411 2446 2450 ,
2490 2385 2606 2455 pa-

693 2474 990 2545 tiuntur.
1036 2470 1215 2541 Ideo
1239 2469 1532 2579 Sagiens
1564 2472 1908 2546 adsuescit
1943 2473 2198 2547 futuris
2223 2476 2466 2564 malis3
2497 2492 2600 2563 et,

693 2604 881 2677 quae
900 2578 1019 2653 alii
1054 2576 1185 2651 diu
1213 2581 1560 2673 patiendo
1591 2583 1771 2655 levia
1795 2582 2117 2672 faciunt‚‘
2143 2583 2260 2657 hic
2302 2585 2488 2655 levia
2511 2583 2600 2653 fa-

690 2691 788 2763 cit
810 2689 937 2761 diu
974 2689 1381 2789 cogitando.
1435 2688 1796 2764 Audimus
1831 2692 2218 2789 aliquando
2259 2718 2476 2767 voces
2508 2694 2602 2763 in·
2697 2752 2700 2756 .

666 2798 1124 2895 peritorum,
1160 2798 1600 2872 dicentium:
1647 2800 1976 2873 Sciebam
2011 2803 2152 2874 hoc
2194 2803 2376 2875 mihi
2401 2820 2603 2874 resta-

687 2910 815 2981 re?
882 2906 1175 3005 Sapiens
1210 2910 1342 2980 scit
1364 2961 1387 2998 ,
1425 2910 1562 2981 sibi
1607 2913 1849 2981 omnia
1899 2927 2184 3003 restate3
2240 2910 2604 3009 quidquid

683 3016 958 3089 factum
986 3035 1127 3105 est,
1164 3017 1373 3091 dicit:
1411 3018 1737 3096 sciebam.
1785 3018 1982 3095 Vale.

1036 3176 1698 3258 EPISTOLA
1769 3172 2254 3255 LxxVu‘

681 3316 755 3371 Et
766 3314 891 3367 haec
903 3312 1039 3365 inter
1050 3311 1227 3374 bonas,
1240 3312 1519 3381 utilesque.
1543 3314 1729 3368 Nan-at
1743 3314 1910 3369 obiter
1919 3314 1984 3369 de
1995 3310 2354 3367 Alexandrinis
2365 3312 2576 3367 navibus
2587 3330 2604 3365 ε

736 3422 739 3429 -
778 3392 893 3446 aliis
912 3388 1312 3453 accmoentibm,
1334 3406 1393 3443 se
1413 3391 1714 3461 neglexisse.
1735 3392 1927 3459 Quanti
1939 3394 2072 3447 enim
2085 3394 2210 3459 ista,
2229 3405 2320 3447 aut
2331 3394 2567 3463 quamdiu
2581 3392 2606 3443 ἒ

780 3474 947 3526 Senex
960 3486 1089 3531 sum,
1106 3470 1255 3526 abeo.
1278 3470 1345 3523 Et
1362 3470 1636 3540 aliquando
1655 3474 2164 3543 sponte'abeundum,
2179 3486 2240 3525 ut
2257 3474 2388 3528 fecit
2397 3474 2606 3526 Marcel-

774 3550 937 3606 linus.
952 3548 1087 3605 Tun
1102 3562 1284 3604 contra
1302 3563 1496 3605 metum
1512 3552 1694 3605 mortis
1709 3569 1727 3605 ι
1751 3552 2076 3624 rationesque
2096 3551 2252 3614 huius
2263 3553 2586 3608 temnendae.

758 3733 761 3735 ,
1053 3670 1416 3743 SENECA
1447 3669 1705 3753 Lucilio
1744 3697 1869 3761 suo·
1891 3672 2208 3747 Salutem.

555 3808 561 3815 ’
617 3856 628 3863 .
681 3730 1021 3869 Sum-0·
1057 3797 1271 3873 nobis
1302 3799 1526 3873 hodie
1550 3798 2074 3881 Alexandrinae
2119 3793 2344 3912 'naves
2379 3798 2602 3897 adpa-
