2809 4850
694 371 845 448 300
1052 347 1134 422 L.
1182 337 1645 427 ANNAm
1701 337 2246 414 SENECAE

694 505 1047 594 beralitae,
1076 529 1167 580 an
1193 503 1624 578 instruxerit.
1653 497 1915 596 Saepe,
1943 499 2148 595 quod
2173 497 2386 572 datur
2405 541 2450 586 ,·
2467 499 2627 570 exi-

692 645 921 717 guum
942 635 1085 704 αις
1110 617 1317 710 quod
1346 615 1672 708 sequitur
1691 636 1780 686 ex
1804 639 1892 686 eo
1908 663 1932 701 ,
1957 636 2323 711 magnum.
2355 614 2628 716 Quan-

694 752 853 800 tum
880 745 1127 802 autem
1164 725 1520 800 existimas
1543 725 1870 796 interesse
1887 773 1912 810 ‚
1961 740 2203 795 utrum
2231 723 2502 816 aliquis
2529 723 2624 791 de

690 841 844 910 ar'ca
864 891 885 925 ‚
930 837 1139 931 quod
1182 851 1592 933 praestaret,
1637 837 2002 921 sumserit3
2029 857 2136 906 an
2172 834 2621 906 beneficium

690 947 1041 1041 acceperit
1059 999 1083 1035 ,
1116 963 1201 1020 ut
1223 947 1426 1018 daret
1443 946 1479 1016 ἓ

786 1058 933 1130 Sed
960 1083 1051 1129 ne
1076 1059 1149 1128 in
1172 1056 1466 1145 eadem,
1496 1080 1682 1149 quae
1699 1057 1856 1126 satis
1881 1056 2166 1128 scrutati
2193 1078 2480 1140 sumus,
2509 1076 2620 1124 re-

690 1168 1109 1252 volvamu13
1134 1166 1211 1236 in
1236 1166 1365 1238 hac
1392 1166 1930 1258 comparatione
1957 1162 2284 1236 beneficii
2311 1181 2383 1236 et
2409 1161 2618 1232 iniu-

688 1277 831 1348 riae
870 1274 977 1346 vir
1019 1276 1253 1348 bonus
1288 1273 1636 1346 iudicabit
1677 1274 1980 1367 quidem
2000 1323 2025 1360 ‚
2075 1273 2283 1367 quod
2327 1273 2468 1345 erit
2501 1295 2620 1342 ae-

690 1383 1156 1475 quissimum3
1204 1381 1333 1454 ced
1372 1381 1732 1454 beneficio
1775 1379 2083 1453 favebit=
2137 1379 2212 1450 in
2252 1379 2440 1452 hanc
2476 1378 2617 1450 ‘erit

688 1506 969 1586 partem
1022 1492 1428 1584 proclivior.
1485 1490 1890 1562 Plurimum
1943 1503 2186 1562 autem
2245 1490 2618 1560 momenti

688 1623 989 1693 persona
1022 1601 1209 1672 solet
1244 1589 1522 1672 adferre
1561 1601 1638 1670 in
1661 1597 1878 1670 rebus
1901 1597 2274 1671 eiusmodi.
2321 1599 2614 1674 Dedisti

688 1707 871 1780 mihi
904 1706 1335 1780 beneficium
1372 1707 1448 1778 in
1473 1729 1712 1794 servo,
1759 1709 2094 1780 iniuriam
2121 1707 2335 1780 fecisti
2373 1711 2452 1778 in
2481 1733 2620 1801 pa·-

694 1833 839 1902 tre;
888 1818 1169 1890 servasti
1192 1815 1389 1888 mihi
1435 1815 1660 1889 filium
1687 1867 1709 1903 ‚
1757 1815 1880 1886 sed
1914 1833 2187 1908 patrem
2235 1815 2618 1886 abstulisti.

688 1923 849 1996 Alia
874 1924 1209 2018 deinceps
1226 1971 1251 2010 ,
1277 1947 1416 2017 per
1431 1947 1618 2017 quae
1641 1924 1970 2016 procedit
2001 1922 2230 1994 omnis
2253 1922 2615 2010 conlatio,

689 2052 1200 2127 prosequetur:
1232 2047 1309 2104 et
1334 2083 1357 2120 ,
1398 2033 1456 2104 ei
1479 2033 1820 2127 pusillum,
1845 2033 1978 2104 erit
1995 2085 2016 2121 ,
2048 2032 2260 2125 quod
2286 2032 2576 2102 ixuasit
2597 2083 2622 2117 ‚

690 2139 1191 2213 dissimulabitz
1212 2197 1217 2206 .
1240 2141 1502 2227 etiam,
1533 2141 1602 2212 ei
1642 2142 1962 2212 multum
2003 2139 2257 2229 fuerit,
2295 2138 2522 2238 [sed]
2563 2139 2622 2209 si

688 2247 767 2317 id
797 2249 1049 2320 donari
1072 2252 1257 2321 salva
1291 2250 1554 2342 pietate
1589 2272 1672 2322 ac
1707 2247 1850 2324 fide
1893 2250 2198 2343 poterit,
2233 2251 2618 2334 remittet5

686 2357 765 2429 id
790 2373 936 2446 est,
976 2359 1033 2429 si
1054 2359 1153 2431 ad
1174 2359 1412 2453 ipsum
1455 2373 1606 2431 tota
1629 2359 2022 2452 pertinebit
2057 2358 2330 2433 iniuria.
2381 2354 2624 2433 Sum-

688 2490 807 2536 ma
850 2469 953 2539 rei
985 2468 1158 2540 haec
1184 2484 1327 2539 estz
1368 2466 1596 2541 facilis.
1629 2470 1764 2545 erit
1788 2470 1866 2540 in
1897 2466 2447 2553 commutafflm
2483 2492 2624 2561 pa·

684 2574 905 2647 tietur
928 2577 1094 2668 plne
1122 2576 1438 2671 inputari
1475 2576 1632 2651 sibi.
1685 2578 1962 2651 Invitus
1997 2578 2428 2651 beneficium
2469 2602 2624 2671 per

686 2684 1345 2777 compensationem
1374 2686 1672 2762 iniuriae
1695 2690 1962 2762 solvetz
2003 2688 2083 2761 in
2120 2690 2302 2768 hane
2319 2704 2623 2783 partem

666 2794 1113 2885 inclinabit,
1162 2798 1309 2869 hue
1360 2813 1604 2896 verget
1626 2848 1656 2886 ‚
1707 2812 1794 2871 ut
1841 2800 2086 2894 cupiat
2131 2798 2393 2871 debere
2441 2822 2625 2895 gra-

686 2908 903 2994 tiam,
940 2909 1185 3033 cupiat
1205 2906 1482 2979 referre.
1527 2906 1716 2981 Faerat
1757 2907 2003 2995 enim,
2047 2908 2106 2979 si
2142 2907 2300 3000 quiz
2323 2906 2624 2978 benefi-

687 3018 885 3089 cium
910 3018 1169 3113 aecipit
1200 3019 1579 3119 libentius,
1622 3042 1848 3111 quam
1875 3018 2136 3089 reddit.
2171 3021 2464 3124 Quanto
2497 3017 2622 3089 hi-

686 3130 895 3203 larior
936 3148 1041 3201 est
1064 3129 1198 3222 qui
1218 3114 1468 3219 solvit,
1515 3154 1740 3223 quam
1781 3131 1914 3225 qui
1937 3146 2346 3216 mutuatum
2391 3143 2620 3203 tanto

688 3240 909 3311 debet
931 3240 1183 3311 laetior
1206 3262 1348 3312 eece
1366 3288 1391 3327 ,
1431 3241 1564 3333 qui
1585 3264 1658 3311 se
1684 3242 2006 3313 maximo
2044 3264 2206 3314 aere
2223 3241 2456 3312 alieno
2481 3264 2622 3312 ac·-

684 3351 877 3445 cepti
904 3348 1231 3421 beneficii
1259 3367 1643 3438 exonerat,
1679 3374 1902 3443 quam
1947 3352 2076 3444 qui
2099 3373 2334 3444 quum
2365 3352 2620 3422 maxi-

683 3486 809 3535 me
830 3462 1204 3560 obligatur.
1246 3462 1501 3534 Nam
1481 3486 1560 3535 in
1597 3463 1742 3535 hoc
1765 3488 2068 3558 quoque
2103 3464 2511 3537 falluntur
2483 3486 2622 3537 m·

684 3573 915 3668 grati,
946 3574 1155 3667 quod
1188 3574 1524 3645 creditori
1565 3574 1863 3668 quidem
1881 3626 1904 3663 ,
1951 3582 2234 3671 praeter
2277 3590 2556 3649 sortem
2583 3630 2616 3669 ‚

684 3698 883 3757 extra
930 3688 1262 3759 ordInem
1304 3706 1730 3775 numerant3
1779 3690 2299 3763 beneficiorum
2346 3708 2616 3769 autern

686 3816 898 3867 unum
916 3824 1061 3872 esee
1082 3803 1469 3919 gratnitum
1493 3817 1774 3899 putant.
1819 3804 1910 3877 Et
1932 3804 2048 3875 ina
2074 3820 2398 3878 crescunt
2432 3832 2619 3879 mo·
