2809 4850
1830 149 1879 192 l

561 377 622 459 Ε
671 319 810 451 Ρ’Ῑ
856 377 904 453 s
951 381 1023 452 Τ
1073 381 1146 453 o
1198 381 1259 452 L
1306 379 1371 452 A
1468 383 1807 458 Lv111.
1916 353 1960 474 ζ
2010 413 2146 488 ¹79

199 558 294 616 ta
329 563 539 638 opera
563 519 706 614 sint
723 553 763 628 ξ
794 563 885 612 ex
901 542 1008 613 his
1034 565 1362 634 quoque,
1395 542 1451 614 si
1479 524 1955 618 obseirvaveris
1976 595 1997 631 ‚
2026 574 2146 620 su·-

131 709 138 718 .
202 677 439 745 mes,
459 649 667 744 quod
693 652 908 746 possit
941 653 1090 723 fieri
1120 655 1435 726 salutare.
1479 655 1644 726 Hoc
1678 679 1847 753 eg0,
1870 658 1982 726 mi
2004 657 2147 731 Lu·

203 761 385 847 cili,
418 754 623 832 'soleo
665 759 928 835 faceret
973 761 1067 834 eit
1108 764 1307 836 omni
1348 767 1716 838 vacatione
1742 819 1764 854 ,
1810 768 2078 838 etiamsi
2104 795 2147 844 a
2188 787 2197 794 ’

199 871 680 968 philosophia
722 873 1128 976 longissime
1155 899 1388 946 aversa
1412 893 1516 951 est
1533 928 1558 965 ,
1609 901 1849 978 eruere
1872 879 2150 973 aliquid

91 1076 104 1090 ι
207 1005 450 1054 conor
485 998 558 1052 et
583 981 756 1052 utile
785 983 1072 1054 efficere.
1109 983 1311 1090 Quid
1339 983 1435 1058 de
1455 987 1597 1057 istis
1626 991 1931 1082 capiam,
1962 1015 2150 1084 quae

201 1087 452 1160 modo
487 1088 972 1178 tractavimus,
1016 1091 1309 1162 remotis
1352 1117 1394 1163 a
1440 1093 1941 1192 reformatione
1982 1123 2147 1170 mo·-

211 1221 387 1272 rum
404 1199 440 1268 Ρ
467 1198 850 1292 quomodo
877 1198 1252 1272 meliorem
1279 1215 1400 1274 me
1430 1201 1655 1274 facere
1677 1203 1879 1275 ideae
1902 1206 2157 1281 Plato-‘

207 1311 424 1383 nicae
449 1312 799 1405 possunt?
837 1311 1016 1404 quid
1045 1337 1136 1382 ex
1161 1312 1305 1384 istis
1328 1314 1595 1386 traham
1620 1365 1643 1402 ,
1690 1317 1901 1408 quod
1938 1319 2147 1412 cupi·-

214 1424 476 1496 ditates
507 1447 695 1494 meas
739 1421 1190 1516 conprimat?
1245 1423 1390 1496 Vel
1428 1423 1568 1494 hoc
1608 1424 1885 1518 ipsum,
1933 1427 2144 1519 quod

217 1536 470 1606 omnia
489 1537 613 1605 ista
631 1585 654 1622 ,
701 1556 888 1628 quae
913 1533 1226 1605 sensibus
1261 1536 1618 1622 serviunt,
1663 1558 1851 1627 quae
1873 1557 2005 1611 nos
2026 1563 2145 1611 ac·

217 1641 552 1718 cendunt
575 1660 647 1714 et
667 1642 989 1729 inritant,
1024 1657 1234 1738 negat
1261 1643 1467 1714 Plato
1494 1665 1583 1713 ex
1614 1643 1721 1714 his
1744 1669 1923 1732 esse,
1956 1670 2145 1739 quae

215 1777 390 1825 vere
409 1751 569 1824 sint.
591 1773 596 1776 ·
615 1749 801 1849 Ergo
831 1749 960 1821 ista
987 1750 1393 1848 imaginaria
1414 1766 1616 1839 sunt,
1650 1771 1721 1822 et
1742 1753 1835 1823 ad
1860 1771 2149 1848 tempus

107 1918 117 1926 .
217 1865 542 1956 aliquam
573 1859 825 1934 faciem
859 1861 1134 1940 fetuntz
1171 1861 1360 1931 nihil
1392 1861 1656 1934 horum
1682 1862 1977 1951 stabile3
2009 1889 2147 1937 nec

217 1973 538 2047 solidum
559 1991 680 2046 est.
708 1973 800 2046 Et
819 1997 950 2046 nos
970 1967 1210 2045 tam’en
1235 1973 1600 2066 cupimus,
1632 1990 2000 2067 tamquam
2022 1991 2151 2048 aut

215 2107 502 2177 semper
521 2083 760 2156 futura
779 2134 802 2172 ,
825 2100 952 2154 aut
975 2106 1254 2175 semper
1279 2081 1613 2163 habituri.
1636 2081 1963 2152 Inbecilli
1977 2081 2151 2154 flui-

217 2192 481 2284 dique,
502 2216 634 2286 pet
665 2192 1029 2264 intervalla
1066 2189 1546 2262 consistimus:
1593 2187 1959 2262 mittamus
1992 2192 2149 2262 ani-

220 2325 433 2373 mum
454 2301 710 2384 adina,
729 2324 912 2394 quae
935 2315 1214 2372 aeterna
1237 2316 1402 2370 sunt
1424 2301 1439 2368 !
1464 2297 1811 2371 miremur
1834 2300 1910 2370 in
1927 2283 2152 2372 sublil

219 2411 328 2483 mi
353 2411 732 2489 volitantes
769 2434 1008 2482 rerum
1053 2409 1386 2481 omnium
1422 2405 1721 2495 formas,
1758 2407 2147 2503 Deumque

217 2523 412 2615 inter
437 2522 554 2593 illa
578 2538 973 2591 versantem
991 2569 1015 2607 ,
1051 2535 1122 2589 et
1151 2519 1292 2589 hoc
1315 2514 1821 2611 providentem
1840 2570 1861 2606 ,
1892 2543 2147 2613 quem·

215 2618 667 2715 admodum,
717 2652 900 2721 quae
946 2626 1344 2701 inmortalia
1389 2625 1616 2698 facere
1658 2650 1811 2699 non
1860 2632 2144 2723 potuit,

219 2740 394 2835 quia
439 2744 726 2839 materia
755 2738 1232 2835 prohibebat,
1283 2737 1621 2810 defendat
1656 2762 1696 2810 a
1738 2756 1971 2811 morte
2000 2791 2027 2828 ,
2059 2766 2143 2815 ac

217 2853 498 2924 tatione
515 2850 771 2924 vitium
795 2850 1107 2943 corporis
1123 2850 1390 2920 vincat!
1432 2850 1728 2918 Manent
1748 2852 1943 2921 enirn
1964 2874 2141 2923 cun-

220 2978 335 3037 cta
354 3015 376 3050 ,
407 2986 558 3035 non
584 2960 752 3055 quia
773 2976 1057 3031 aeterna
1079 2974 1245 3031 sunt
1263 3008 1285 3043 ,
1312 2956 1439 3027 sed
1466 2956 1634 3049 quia
1656 2956 2145 3033 defenduntur

218 3096 389 3144 cura
421 3072 744 3167 regentis.
798 3070 1208 3140 Inmortalia
1241 3084 1482 3140 tutore
1504 3091 1653 3143 non
1684 3088 1931 3173 egent:
1965 3073 2142 3146 haec

220 3199 592 3257 conservat
611 3178 864 3254 artifex
885 3230 910 3267 ,
934 3178 1376 3278 fragilitatem
1408 3180 1741 3251 materiae
1760 3181 1833 3251 vi
1855 3204 1976 3253 sua
1990 3182 2147 3253 vin·

222 3315 410 3365 cens.
457 3290 1022 3362 Contemnamus
1067 3288 1310 3360 omnia
1332 3339 1355 3375 ,
1389 3312 1577 3382 quae
1615 3289 1799 3361 adeo
1839 3290 2146 3384 pretiosa

221 3428 379 3475 non
403 3419 608 3490 sunt,
651 3417 771 3489 ut,
796 3425 892 3472 an
923 3400 1064 3471 sint
1095 3402 1438 3485 omnin0‚
1466 3399 1783 3473 dubium*
1806 3389 1921 3472 sit,
1953 3394 2145 3470 Illud

221 3512 440 3585 simul
467 3512 900 3609 cogitemus:
945 3511 1000 3580 si
1025 3508 1390 3583 mundum
1418 3509 1649 3604 ipsum
1668 3560 1693 3597 ,
1731 3533 1885 3582 non
1906 3511 2146 3579 minus

223 3622 606 3694 mortalem
633 3632 853 3717 quam
879 3644 1010 3693 nos
1035 3634 1312 3709 sumuS,
1339 3615 1800 3691 Providentia
1820 3618 2146 3721 periculis

217 3733 524 3821 eximit3
559 3747 796 3827 potest
829 3748 1073 3803 tamen
1099 3732 1543 3824 aliquatenus
1582 3744 1821 3801 nostra
1846 3750 2147 3823 quoque

219 3842 682 3939 providentia
719 3866 1098 3946 prorogate
1141 3842 1310 3918 huic
1358 3842 1797 3937 corpusculo
1824 3856 2151 3950 moram,⁴
