2809 4850
496 384 659 459 ΕΡ
711 381 839 456 1s
892 333 961 455 Τ
1011 386 1082 460 o
1132 384 1813 462 LA·xxxv1.
2001 415 2126 468 ιιι

584 530 1238 662 ΕΡιετοιΑ
1320 523 1758 685 xxxvi

186 705 397 790 Laudat
416 713 677 803 quemdam
696 732 784 802 qui
804 733 917 785 otio
937 749 993 786 se
1013 712 1237 786 admovit
1250 772 1263 797 ,
1286 752 1315 786 a
1339 735 1594 802 republica
1621 733 1810 789 amovit
1830 751 1843 785 t
1864 746 1918 787 et
1934 747 1992 787 ut
2012 703 2135 792 con-

332 827 527 868 temnat
545 813 689 882 vulgi
714 829 893 864 voces.
926 811 1108 882 Pet-gat
1142 815 1307 866 bonus
1332 831 1445 868 esse
1461 852 1477 877 ,
1495 827 1585 867 aut
1607 817 1763 886 magis
1787 813 1930 878 fieti3
1950 832 2128 886 pergat

330 907 391 950 et
410 906 627 948 mortem
642 891 959 962 adspernari,
976 891 1129 962 idque
1147 893 1367 948 tatione.

331 1035 341 1043 “
434 1081 471 1094 2
595 1037 934 1112 SENECA
976 1035 1232 1107 Lucilio
1265 1031 1385 1149 szbe
1424 1035 1740 1112 Salutem.
1849 1075 1856 1082 ·

202 1157 627 1294 AMICUM
666 1229 875 1286 tuum
904 1216 1219 1301 hortare,
1271 1231 1355 1286 ut
1394 1214 1560 1292 istos
1587 1239 1848 1312 magno
1878 1218 2120 1288 animo

200 1340 659 1408 contemnat,
704 1323 832 1414 qui
873 1322 1083 1394 illum
1117 1323 1502 1417 obiurgant
1541 1323 1745 1413 quod
1791 1322 2120 1394 umbram

202 1449 281 1504 et
324 1433 557 1502 otium
586 1432 911 1525 petierit,
960 1430 1165 1524 quod
1208 1429 1624 1526 dignitatem
1657 1454 1858 1502 suam
1907 1431 2122 1502 desti-

198 1540 422 1612 tuerit
440 1589 463 1626 ,
493 1553 595 1626 et,
622 1561 859 1632 quum
886 1541 1047 1632 plus
1074 1537 1415 1628 consequi
1451 1555 1680 1630 posset
1697 1587 1720 1625 ,
1761 1542 2116 1632 praetule-

195 1648 295 1720 rit
320 1647 643 1741 quietem
676 1649 1037 1721 omnibus.
1086 1649 1333 1752 Quam
1366 1647 1635 1718 utiliter
1661 1671 1872 1719 suum
1898 1671 2122 1746 nego-

198 1757 400 1830 tium
422 1759 737 1856 gesserit,
786 1759 1119 1852 quotidie
1154 1758 1285 1828 illis
1307 1771 1636 1827 ostentet.
1689 1757 1830 1844 Hi,
1857 1759 2122 1851 quibus

199 1865 604 1954 invidetur,
656 1891 811 1938 non
842 1867 1171 1938 desinent
1206 1866 1538 1948 transire3
1577 1865 1690 1934 alii
1719 1865 2118 1956 elidentur,

197 1975 319 2066 alii
346 1974 619 2046 cadent.
660 1975 795 2046 Res
827 1993 928 2046 est
955 1975 1275 2067 inquieta
1306 1971 1637 2060 felicitas}
1675 1973 1823 2068 ipsa
1849 1999 1920 2046 se
1959 1991 2122 2046 exa-

198 2084 421 2180 gitat,
475 2083 717 2155 movet
760 2084 1183 2170 cerebrum,
1233 2105 1385 2154 non
1429 2104 1577 2152 uno
1613 2105 1887 2178 genere.
1923 2079 2122 2152 Alios

197 2192 508 2264 in‘aliud
542 2192 815 2278 inritat;
864 2192 989 2262 hos
1017 2191 1092 2261 in
1119 2190 1514 2284 potentiam
1540 2238 1563 2275 ,
1608 2189 1762 2259 illos
1795 2189 1869 2264 in
1901 2192 2117 2261 luxu·

200 2301 375 2374 riam
402 2329 421 2372 ι
450 2302 579 2372 hos
600 2300 807 2373 inflat
828 2352 850 2388 ,
880 2301 1034 2373 illos
1064 2298 1336 2386 mollit,
1376 2315 1447 2368 et
1472 2312 1662 2368 totos
1691 2300 1997 2371 resolvit.
2035 2341 2105 2353 -

198 2408 296 2483 At
323 2413 514 2482 bene
556 2410 803 2505 aliquis
846 2409 1041 2481 illam
1082 2407 1245 2479 fert!
1282 2446 1353 2459 -
1405 2402 1560 2493 Sic,
1593 2407 1974 2501 quomodo
2010 2410 2116 2482 vi»

198 2543 404 2591 num.
445 2520 698 2613 Itaque
738 2542 886 2589 non
918 2535 1019 2587 est
1060 2516 1263 2609 quod
1304 2514 1438 2587 tibi
1465 2516 1576 2587 isti
1605 2517 2112 2611 persuadeant,

206 2651 375 2698 eum
412 2652 553 2698 esse
584 2626 861 2698 felicem
884 2678 909 2714 ,
944 2625 1076 2719 qui
1114 2650 1154 2695 a
1190 2624 1434 2695 multis
1461 2624 1857 2697 obsidetut=
1902 2626 1998 2697 sic
2024 2628 2114 2699 ad

200 2734 410 2807 illum
435 2788 458 2825 ‚
503 2735 1134 2829 quemadmodum
1176 2735 1270 2804 ad
1308 2736 1587 2820 lacum,
1629 2716 2076 2807 concurriiur
2091 2763 2112 2825 3

204 2870 475 2937 quem,
524 2844 655 2939 qui
686 2842 1154 2930 exhauriunt,
1203 2859 1275 2913 et
1314 2834 1628 2915 turbant.
1667 2882 1737 2895 -—
1795 2844 2117 2941 Nugato-

200 2957 393 3027 rium
441 2964 513 3027 e‘t
546 2956 851 3027 inertem
898 2972 1178 3027 vocant.
1220 2994 1289 3007 -
1342 2952 1532 3041 Scis,
1583 2930 1928 3047 quos‘am
1963 2983 2117 3050 per-

203 3089 401 3137 verse
435 3066 688 3159 loqui,
737 3082 808 3136 et
830 3064 1211 3162 significare
1248 3060 1613 3135 contraria.
1656 3062 1960 3134 Felicem
1985 3092 2118 3136 vo-

199 3175 498 3247 cabant:
543 3174 724 3267 quid
752 3175 965 3271 ergo?
1001 3171 1193 3245 erat?
1226 3173 1337 3243 Ne
1365 3172 1546 3242 illud
1577 3172 1878 3265 quidem
1905 3198 2114 3263 curn,

202 3284 410 3377 quod
444 3285 882 3379 quibusdam
920 3284 1128 3353 nimis
1162 3269 1428 3358 herridi
1476 3280 1696 3351 animi
1731 3280 2014 3353 videtur
2043 3300 2116 3355 et
2217 3282 2226 3287 ’

202 3394 452 3465 tetrici.
507 3392 571 3462 A
595 3414 644 3465 R
667 3414 697 3463 1
722 3412 757 3465 s
779 3413 827 3463 Τ
854 3414 901 3463 0
926 3412 983 3465 Ν
1010 3393 1241 3463 aiebat
1266 3420 1284 3462 t
1324 3394 1520 3462 malle
1551 3404 1616 3463 se
1660 3389 2117 3463 adolescentem

204 3503 501 3575 tristem.
545 3526 735 3596 quam
778 3502 1047 3571 bilai-em
1097 3518 1160 3570 et
1206 3502 1542 3571 amabilem
1582 3502 1825 3569 turbae.
1887 3492 2114 3571 Vinum

200 3613 373 3679 enim
403 3612 805 3707 bonum-fieri
826 3664 849 3687 ,
886 3612 1052 3709 quod
1076 3634 1293 3681 recens
1328 3612 1559 3681 durum
1593 3627 1654 3678 et
1695 3632 1986 3706 asperum
2015 3613 2117 3681 vi-

200 3742 349 3789 sum
375 3737 467 3789 est
490 3748 513 3789 .·
550 3745 679 3793 non
704 3724 856 3820 pati
874 3738 1149 3792 aetatem
1170 3772 1195 3796 .
1218 3721 1385 3817 quod
1410 3724 1476 3790 in
1505 3720 1676 3821 dolio·
1694 3719 1962 3816 placuit.
2004 3716 2115 3789 Si-

202 3849 297 3927 ne
326 3852 497 3902 eum
530 3830 806 3905 tristem
835 3830 1194 3927 adpellem
1209 3875 1236 3919 5
1263 3846 1339 3902 et
1375 3826 1750 3905 inimicum
1788 3830 2116 3923 processi·

2034 4125 2070 4139 “

2217 915 2224 922 »
2261 883 2314 936 Ο
