2809 4850
662 426 805 505 33⁸
992 398 1614 476 LANNAm
1675 370 2282 474 SENECAE'

662 571 842 642 nima
862 589 1113 642 eorum
1130 619 1153 657 ‚
1184 565 1454 662 quibus
1475 563 1643 638 falsa
1671 563 1936 660 species
1951 567 2311 638 malorum
2337 581 2468 638 est.
2506 601 2588 624 -·

666 680 873 786 Quid
906 703 1075 780 ergo
1096 679 1133 751 i*
1176 679 1234 750 si
1266 677 1534 750 ferrum
1579 678 1974 750 intentatur
2023 677 2422 750 cervicibus
2451 677 2594 748 viri
2767 687 2769 756 l

662 787 897 874 fortis3
935 788 993 858 si
1026 807 1184 881 pars
1210 784 1518 858 subinde
1554 785 1686 856 alia
1709 801 1929 878 atque
1961 786 2092 856 alia
2112 783 2589 872 ,subfoditur3
2767 781 2769 804 '

662 898 717 967 οἰ
762 899 1023 968 viscera
1058 921 1181 968 sua
1214 896 1298 966 in
1328 895 1491 968 sinu
1517 917 1650 966 suo
1691 895 1914 982 vidit3
1949 895 2005 965 si
2037 917 2126 966 ex
2163 895 2586 982 intervallo,

662 1031 819 1100 quo
868 1006 1085 1108 magis
1140 1023 1502 1080 tormenta
1547 1009 1836 1094 sentiat,
1861 1007 2224 1100 repetitur
2245 1058 2268 1094 ,
2327 1023 2404 1076 et
2457 1026 2590 1098 per

662 1118 1001 1189 adsiccata
1046 1119 1305 1190 viscera
1342 1139 1585 1192 recens
1629 1116 2020 1189 dimittitur
2059 1115 2376 1214 sanguis3
2427 1135 2582 1184 non

662 1225 921 1298 timere
966 1227 1181 1300 istum
1220 1243 1305 1299 tu
1352 1228 1579 1313 dices,
1627 1247 1780 1298 non
1816 1225 2112 1298 dolere?
2145 1225 2222 1280 -·'
2273 1225 2414 1298 Iste
2461 1249 2584 1296 ve·

662 1359 754 1405 ro
773 1335 1023 1422 ·dolet;
1058 1359 1340 1408 sensum
1386 1337 1582 1408 enirn
1616 1335 1925 1408 hominis
1957 1335 2158 1407 nulla
2198 1334 2406 1406 exuit
2443 1333 2584 1406 vir·-

550 1509 559 1516 .
664 1462 820 1516 tus=
852 1447 977 1517 sed
1008 1469 1161 1520 non
1200 1447 1448 1520 timet=
1483 1447 1790 1520 invictus
1816 1471 1907 1521 ex
1933 1449 2080 1520 alto
2107 1445 2392 1518 dolores
2416 1469 2582 1517 suos

662 1571 955 1646 spectat.
986 1594 1059 1609 -
1095 1557 1430 1662 Quaeris,
1471 1557 1628 1650 quis
1655 1569 1834 1628 tune
1870 1555 2150 1628 animus
2181 1555 2288 1626 ini
2327 1555 2466 1626 sit?
2498 1589 2570 1609 -·

667 1663 821 1766 Qui
842 1687 1133 1760 aegrum
1154 1665 1466 1737 amicum
1495 1665 2055 1736 adhortantibus.

770 1770 971 1886 Quod
1000 1775 1247 1844 malum
1292 1791 1391 1845 est
1410 1827 1438 1850 0
1485 1790 1710 1846 nocet,-
1747 1773 1918 1870 quod
1947 1790 2167 1849 nocet.
2209 1773 2584 1846 deteriorem

650 1879 838 1980 facit
854 1905 890 1953 ,0
908 1881 1085 1952 dolor
1102 1897 1169 1952 et
1190 1900 1544 1982 paupertas
1571 1883 1942 1954 deteriorem
1966 1907 2094 1954 non
2111 1881 2392 1981 faciunt
2416 1912 2442 1956 .·
2491 1907 2585 1953 er·

658 2017 750 2086 go
774 1993 951 2063 mala
974 2019 1099 2064 non
1126 2013 1300 2066 sunt.
1326 2033 1399 2048 -—
1441 1989 1720 2066 Falsum
1747 2014 1872 2081 est,
1897 1995 2162 2087 inquit,
2193 1993 2404 2086 quod
2423 2017 2585 2088 pro·

665 2105 973 2198 ponitis:
1012 2129 1165 2189 non
1194 2109 1428 2198 enim,
1455 2095 1510 2180 εἰ
1533 2108 1716 2202 quid
1744 2121 2000 2197 nocet,
2031 2107 2247 2180 etiam
2275 2105 2585 2177 deterio-

666 2233 822 2284 rem
847 2213 1032 2286 facit.
1075 2215 1492 2312 Tempestas
1533 2231 1609 2290 et
1641 2218 1952 2312 procella
1985 2233 2202 2288 nocet
2226 2216 2584 2314 guberna-

666 2324 848 2411 ton',
876 2343 1292 2400 nontamen
1334 2329 1540 2400 illurn
1577 2325 1998 2400 deteriorem
2041 2326 2228 2399 facit.
2267 2359 2342 2381 -ι-
2395 2327 2582 2433 Qui-

667 2430 835 2503 dam
862 2431 1091 2506 Stoici·
1112 2438 1207 2506 ita
1228 2436 1556 2509 adversus
1579 2439 1720 2509 hoc
1744 2436 2210 2531 respondent:
2252 2436 2582 2509 Deterio-

666 2562 819 2611 rem
860 2540 1008 2613 fieri
1037 2544 1589 2641 gubernatorem
1631 2562 2052 2641 tempestate
2095 2570 2179 2618 ac
2223 2548 2536 2641 procefla
2555 2596 2580 2634 ,

652 2642 839 2744 'quia
854 2674 1005 2723 non
1022 2655 1253 2748 possit
1276 2657 1398 2746 id,
1425 2658 1635 2753 quod
1659 2660 2035 2753 proposuit
2053 2708 2076 2747 ‚
2103 2657 2386 2734 efficere
2406 2712 2426 2747 ,
2446 2656 2580 2729 'nec

668 2776 909 2835 tenere
926 2788 1213 2838 cursum
1236 2790 1449 2840 suum
1471 2798 1488 2839 ε
1518 2768 1941 2841 deteriorem
1957 2768 2164 2839 illum
2189 2769 2444 2839 in·arte
2459 2792 2578 2839 sua

665 2892 822 2941 non
860 2869 1009 2943 fieri
1030 2918 1055 2960 ,
1103 2872 1181 2943 in
1224 2900 1444 2970 opere
1481 2876 1653 2948 fieri.
1696 2876 1987 2983 Quibus
2031 2876 2572 2971 Peripateticus:

666 2978 851 3078 E1go
879 3029 909 3067 ,
959 2979 1207 3075 inquit
1229 3033 1252 3070 ‚
1300 3001 1377 3054 et
1423 2982 1835 3078 Sapientem
1885 2984 2316 3085 deteriorem
2373 2983 2576 3055 faciet

668 3106 1086 3183 paupertas,
1125 3091 1332 3163 dolor
1353 3146 1376 3181 ,
1419 3114 1492 3165 et
1518 3092 1885 3187 quidquid
1921 3094 2121 3165 aliud
2158 3096 2302 3165 tale
2322 3094 2573 3166 fuerit:

668 3200 1009 3271 virtutem
1051 3202 1330 3295 [eninr]
1371 3201 1476 3273 ini
1511 3226 1664 3274 non
1693 3204 1988 3298 eripiet,
2033 3203 2158 3275 sed
2185 3228 2402 3298 opera
2429 3206 2574 3275 eius

665 3310 1009 3405 inpediet.
1046 3348 1117 3363 --
1172 3310 1341 3381 Hoc
1377 3328 1586 3399 recte*
1611 3312 1962 3385 diceretur
1975 3346 2005 3399 ·,
2059 3312 2194 3385 nisi
2231 3313 2579 3385 dissimilis

668 3436 843 3491 esset
883 3416 1371 3517 gubernatoris
1421 3418 1779 3509 conditio,
1837 3438 1913 3494 et
1953 3417 2328 3516 Sapientis.
2388 3423 2578 3494 Huic

665 3530 863 3599 enim
884 3527 1334 3624 propositum
1360 3530 1504 3618 est,
1531 3529 1607 3601 in
1635 3529 1777 3601 vita
1800 3530 2074 3629 agenda
2094 3554 2254 3602 'non
2283 3530 2578 3623 utique,

656 3637 873 3727 ‘quod
912 3651 1141 3710 tentat
1159 3687 1181 3725 ,
1230 3636 1504 3709 efficere
1523 3686 1548 3725 ‚
1597 3635 1726 3709 sed
1775 3638 2026 3710 omnia.
2065 3655 2260 3711 recte
2309 3636 2576 3727 ἷκε-τες

666 3740 1121 3839 gubernatori
1141 3749 1593 3843 propositum
1615 3762 1720 3821 est
1742 3749 1998 3844 utique
2019 3762 2282 3822 navem
2307 3749 2384 3820 in
2405 3770 2580 3844 por·

664 3868 828 3923 tum
866 3857 1284 3965 perducere.
1337 3862 1544 3936 Artes
1580 3860 1942 3939 minimae
1986 3879 2194 3952 sunt3
2237 3878 2578 3959 praestare
