2809 4850
19 158 28 301 ——--
14 0 30 149 m.-·²

53 387 64 398 ι

731 379 825 466 32
1117 363 1199 436 L.
1247 357 1695 436 ANNAm
1745 357 2278 434 SENECAE

729 539 802 600 se
827 499 1052 597 ferens
1093 527 1370 598 vultus:
1420 523 1626 596 illum
1662 523 1797 594 tibi
1836 549 2115 618 semper
2150 523 2494 613 ostende,
2530 527 2653 599 vel

728 633 1147 720 custodem,
1184 635 1300 704 vel
1343 634 1782 728 exemplum.
1842 633 2051 726 Opus
2096 649 2201 704 est
2222 683 2244 720 ,
2297 632 2602 726 inquam
2624 687 2648 722 ‚

729 742 980 834 aliquo
997 792 1018 828 ‚
1035 741 1136 824 ,ad
1159 763 1383 834 quem
1410 755 1643 812 mores
1666 742 1884 812 nostri
1908 767 1981 812 se
2010 741 2139 835 ipsi
2164 742 2473 841 exigant.
2512 743 2655 816 Ni-

600 950 609 963 .
727 853 783 924 si
807 851 903 922 ad
921 854 1246 951 regulam
1269 901 1292 940 ,
1319 861 1535 946 prava
1558 871 1709 922 non
1734 851 2050 951 corriges.
2077 851 2277 925 Vale.

1193 1003 1873 1146 EplsToLA
1930 1065 2133 1179 ΧΠ.

725 1209 906 1263 Facete
931 1207 995 1259 de
1013 1218 1276 1261 senectute
1299 1224 1387 1261 sua
1414 1217 1613 1270 narrat,
1640 1217 1695 1258 et
1718 1205 1773 1256 in
1794 1204 1915 1256 villa
1944 1221 2002 1257 se
2034 1203 2149 1259 eius
2178 1204 2529 1260 adnibnitum.
2514 1224 2531 1240 ·
2554 1209 2647 1260 ad-

851 1284 1109 1349 annalium
1129 1299 1296 1337 autem
1315 1285 1427 1338 sine
1448 1285 1683 1343 tristitia,
1708 1299 1803 1334 nec
1824 1283 2021 1334 tristem
2050 1298 2181 1346 eam,
2202 1285 2357 1338 immo
2374 1285 2649 1338 iucundam

853 1379 994 1424 esse,
1016 1375 1072 1415 et
1095 1363 1239 1416 vitiis
1263 1363 1431 1416 minus
1452 1375 1814 1432 opportunam.
1849 1359 2067 1414 Omnem
2098 1363 2257 1416 vitam
2290 1365 2529 1428 brevem3
2556 1366 2649 1418 sed

855 1443 1290 1510 qualemcumque,
1318 1460 1417 1494 usu
1440 1443 1707 1495 faciendam
1733 1454 1986 1504 nostram,
2008 1454 2063 1494 et
2090 1459 2293 1496 manum
2318 1443 2427 1498 ini
2414 1443 2650 1499 inficien-

851 1518 981 1577 διαὶ.
1001 1521 1250 1589 Quotidie
1267 1523 1522 1588 dieamus,
1540 1537 1595 1578 et
1615 1536 1933 1594 censeamus,
1956 1519 2103 1578 vixi.

1111 1630 1455 1748 SENE'CA
1494 1674 1747 1746 Lucilio
1788 1700 1919 1782 suo¹
1942 1673 2261 1778 Sqlutem.

867 1855 1318 1932 UOCUMQUE
1359 1859 1481 1906 me
1520 1836 1742 1925 verti,
1791 1853 2209 1935 argumenta
2258 1840 2647 1912 senectutis

720 1963 922 2018 meae
946 1947 1179 2024 video.
1218 1945 1578 2018 Veneram
1614 1948 1687 2017 in
1712 1949 2209 2020 suburbanum
2242 1970 2530 2037 meum,
2566 1966 2647 2022 et

721 2057 1072 2146 querebar
1101 2043 1191 2126 de
1223 2056 1533 2149 inpensis
1559 2057 1858 2128 aedificii
1883 2055 2293 2126 dilabentis:
2324 2058 2421 2130 ait
2443 2060 2641 2130 villi-

721 2187 842 2234 cus
869 2163 1088 2250 mihi,
1125 2189 1439 2265 nonlesse
1463 2164 1927 2262 negligentiae
1950 2187 2115 2236 suae
2142 2165 2393 2237 vitium
2418 2193 2438 2252 3
2478 2193 2649 2239 om·

697 2273 839 2352 ,nia
865 2297 937 2344 se
973 2270 1235 2362 facere,
1267 2275 1391 2346 sed
1420 2275 1657 2344 villam
1686 2293 1999 2346 veterem
2039 2299 2200 2347 esse.
2251 2277 2445 2350 Haec
2473 2280 2647 2352 villa

717 2383 904 2453 inter
927 2406 1178 2453 manus
1205 2407 1390 2459 meas
1416 2384 1636 2455 crevit
1654 2412 1675 2455 ε
1721 2383 1898 2477 quid
1929 2385 2105 2454 mihi
2132 2384 2463 2458 futurum
2486 2405 2595 2459 est
2614 2442 2644 2478 ,

716 2496 770 2565 si
801 2510 946 2565 tam
979 2492 1262 2587 putrida
1289 2510 1459 2564 sunt
1481 2496 1719 2566 aetatis
1743 2518 1943 2567 meae
1968 2518 2127 2567 saxa
2145 2496 2179 2565 ξ’
2230 2496 2451 2569 Iratus
2488 2500 2644 2585 illi,

717 2604 1124 2697 proximarn
1153 2602 1658 2673 ‚stomachandi
1686 2599 2129 2673 occasionem
2160 2601 2453 2696 adripi0.
2486 2602 2645 2675 Ad-

715 2732 958 2810 paret,
997 2714 1294 2807 inquam
1318 2765 1341 2801 ,
1387 2716 1507 2785 ha's
1548 2718 1869 2809 platanos
1900 2715 2203 2812 negligi:
2246 2717 2475 2786 nullas
2512 2718 2639 2787 ha-

695 2824 894 2894 ''bent
919 2823 1233 2893 frondes!
1277 2843 1493 2915 quam
1518 2822 1771 2895 nodosi
1792 2841 1959 2893 sunt
1976 2844 2049 2893 et
2067 2822 2392 2893 retorridi
2412 2826 2633 2897 rami!

715 2952 939 3024 quam
970 2930 1190 3002 tristes
1211 2952 1282 3002 et
1309 2933 1616 3023 squalidi
1656 2932 1925 3003 trunci!
1975 2934 2115 3003 hoc
2155 2951 2308 3003 non
2352 2932 2639 3005 accide-

711 3058 856 3127 ret,
895 3040 1129 3135 siquis
1152 3042 1270 3111 has
1291 3041 1875 3128 circumfoderet‚
1916 3042 1970 3111 si
1998 3040 2344 3138 irrigaret!
2390 3062 2463 3093 -ϊ-
2509 3042 2641 3113 Iu-

709 3166 820 3220 rat
845 3174 974 3243 per
1005 3148 1318 3220 Genium
1345 3170 1591 3219 meum
1618 3200 1640 3236 ,
1674 3174 1747 3221 se
1774 3152 2014 3220 omnia
2031 3148 2259 3219 facere
2279 3199 2300 3235 ‚
2325 3149 2407 3221 in
2432 3153 2639 3223 nulla

708 3282 786 3329 re
830 3279 1086 3328 cessare
1113 3280 1354 3329 curam
1400 3278 1595 3327 suam
1609 3281 1629 3343 ς
1682 3255 1805 3325 sed
1844 3256 1991 3325 illas
2035 3255 2307 3325 vetulas
2340 3279 2503 3327 esse.
2544 3293 2623 3311 «-

659 3370 668 3377 ’
711 3366 938 3471 Quod
969 3365 1150 3436 inter
1177 3390 1308 3435 nos
1347 3365 1434 3435 sit
1460 3414 1482 3451 ,
1520 3388 1657 3462 ego
1686 3365 1833 3435 illas
1854 3386 2230 3457 posueram
2252 3416 2274 3453 ‚
2316 3367 2639 3465 ego-illa·-

689 3500 872 3547 tum
899 3476 1215 3571 primum
1245 3474 1560 3545 videram
1583 3474 1863 3545 folium.
1898 3512 1969 3527 ·-
2001 3474 2399 3547 Conversus
2418 3474 2514 3545 ad
2530 3474 2637 3545 ia-

707 3605 965 3655 nuam:
1011 3584 1176 3677 quis
1205 3602 1345 3669 est,
1381 3585 1681 3675 inquam
1701 3634 1722 3670 ‚
1751 3583 1879 3653 iste
1908 3583 2345 3677 decrepitusq
2374 3600 2449 3655 et
2470 3609 2638 3655 me-

706 3690 846 3762 rito
881 3692 972 3763 ad
1003 3692 1266 3763 ostium
1295 3686 1681 3763 admotus?
1710 3692 1891 3763 foras
1915 3693 2107 3765 enim
2132 3707 2420 3787 spectat.
2470 3691 2635 3763 Un-

706 3799 802 3871 de
838 3798 1070 3875 isnin-c
1095 3817 1343 3875 nactus
1373 3801 1496 3873 es?
1534 3798 1719 3897 quid
1740 3818 1818 3889 te
1844 3800 2227 3877 delectavit
2243 3850 2271 3894 ,
2302 3800 2634 3877 alienum
