2809 4850
530 303 1807 506 ΕΡὶεΤοιΑᾷΧιν,
2036 407 2137 495 79

167 529 614 604 timendum
632 534 742 606 sit.
773 531 1076 608 Securus
1095 535 1342 631 itaque
1369 538 1641 613 inimici
1664 543 1891 617 minas
1914 549 2129 623 audi:

172 655 258 711 et
277 690 306 729 ‚
345 641 688 734 quamvis
713 646 1146 723 conscientia
1178 648 1316 718 tibi
1343 665 1473 722 tua
1508 651 1853 726 fiduciam
1872 655 2131 748 faciat,
2240 707 2251 722 ·
2291 683 2303 690 ’

168 765 469 841 tamen,
503 753 678 848 quia
695 757 928 828 multa
953 759 1152 828 extra
1176 780 1463 832 causam
1492 762 1733 838 valent
1748 815 1771 852 ,
1798 783 1899 854 et,
1921 769 2132 859 quod

167 861 710 960 aequissimum
753 879 902 952 est,
937 889 1140 958 spera
1161 916 1186 953 ,
1235 877 1312 939 et'
1351 867 1449 939 ad
1488 869 1581 941 id.
1608 887 1729 960 te,
1774 875 1981 966 quod
2024 895 2133 950 est

168 969 730 1064 iniquissimum
749 1020 775 1060 ‚
797 995 1152 1067 compara.
1183 975 1382 1048 Illud
1406 993 1653 1052 autem
1682 999 1851 1054 ante
1882 987 2127 1056 omnia

174 1096 611 1168 memento,
669 1079 957 1158 demere
989 1076 1210 1152 rebus
1249 1085 1695 1175 tumultum,-
1744 1111 1829 1162 ac
1878 1090 2125 1164 videre

183 1189 420 1280 quid
401 1212 480 1258 m
514 1212 808 1281 quaque
833 1213 914 1260 re
933 1189 1062 1261 sit·
1101 1189 1272 1262 scies
1305 1191 1491 1263 nihil
1518 1217 1661 1266 esse
1692 1195 1775 1268 in
1804 1196 1951 1270 istis
1980 1215 2133 1272 ter·-

175 1295 440 1384 ribile,
476 1293 612 1368 nisi
635 1297 876 1391 ipsum
915 1289 1278 1370 timorem.
1323 1299 1557 1406 Quod
1585 1302 1785 1377 vides
1808 1307 2131 1381 accidere

177 1401 470 1499 pueris,
512 1405 664 1478 hoc
717 1405 930 1478 nobis
979 1431 1284 1502 quoque
1307 1458 1331 1495 ,
1387 1410 1795 1485 maiusculis·
1849 1417 2127 1509 pueris,

179 1514 472 1586 evenit:
519 1515 627 1586 illi
642 1566 668 1603 ,
705 1539 894 1610 quos
931 1533 1176 1590 amnt
1189 1571 1215 1608 ,
1265 1518 1535 1611 quibus
1586 1519 2069 1602 adsueverunt
2091 1577 2120 1616 ,

181 1647 358 1696 curn
383 1617 1011 1718 quibusdudunt,
1053 1627 1112 1698 si
1141 1644 1557 1722 personatos
1582 1621 1836 1706 vident
1853 1683 1880 1724 ,
1906 1659 2129 1731 expa-

183 1749 516 1806 vescunt.
569 1733 748 1805 Non
796 1733 1216 1820 hominibus
1263 1751 1594 1825 tantum,
1626 1738 1755 1811 sed
1790 1756 1867 1813 et
1908 1742 2131 1816 rebus

182 1865 498 1937 persona
549 1841 912 1916 demenda
965 1861 1115 1933 est,
1167 1860 1242 1916 et
1289 1844 1665 1918 reddenda
1712 1847 1923 1920 facies
1977 1875 2129 1924 sua.

184 1952 398 2060 Quid
440 1955 626 2026 mihi
669 1953 941 2052 gladios
987 1971 1061 2026 et
1091 1953 1290 2052 ignes
1325 1955 1683 2047 ostendis,
1730 1973 1807 2030 et
1830 1959 2123 2036 turbam

186 2065 606 2138 carnificum
631 2066 816 2138 circae
843 2080 920 2138 te
945 2065 1380 2138 sternentem
1399 2067 1435 2136 i>
1473 2069 1653 2138 tolle
1678 2068 1883 2140 istam
1907 2071 2129 2164 pom-

183 2195 354 2266 pam
368 2224 394 2262 ,
421 2174 560 2246 sub
595 2199 740 2268 qua
759 2176 968 2260 lates,
1013 2189 1088 2244 et
1107 2175 1360 2245 stultos
1381 2173 1687 2244 territas!
1742 2175 1941 2248 Mors
1966 2194 2121 2258 est,

186 2305 410 2375 quam
433 2305 678 2375 nuper
708 2305 944 2354 servus
967 2306 1170 2354 meus
1187 2333 1211 2370 ,
1260 2303 1485 2373 quam
1511 2281 1761 2354 ancilla
1788 2301 2121 2356 contem-

183 2391 290 2463 sit.
345 2390 563 2497 Quid
587 2406 670 2463 tu
705 2409 944 2465 rursus
971 2393 1153 2471 mihi
1178 2390 1454 2491 flagella
1475 2409 1548 2465 et
1574 2394 1931 2486 equuleos
1957 2421 2117 2469 ma-

185 2524 332 2599 gno
357 2499 710 2595 adparatu
733 2503 1040 2597 explicas
1056 2502 1091 2573 ?
1114 2502 1300 2595 quid
1321 2503 1611 2601 singulis
1635 2504 1945 2578 articulis
1972 2506 2117 2575 sin-

187 2611 352 2708 gula
377 2610 986 2699 machinamenta,
1013 2609 1284 2705 quibus
1305 2626 1902 2704 extorqueantur,
1918 2630 2122 2707 apta·

186 2738 262 2793 ta
277 2772 302 2809 ,
329 2736 408 2795 et
430 2723 636 2795 mille
655 2723 790 2795 alia
815 2724 1290 2797 instrumenta
1315 2723 1862 2799 excarnificandi
1893 2728 2117 2819 parti-

189 2836 484 2908 mxlatim
510 2832 874 2907 hominis?
899 2839 1104 2909 Pone
1122 2838 1251 2909 ista
1271 2887 1296 2924 ,
1317 2834 1511 2929 *quae
1530 2860 1667 2908 nos
1700 2836 2115 2941 obstupefa-
2240 2881 2248 2887 ·

189 2945 426 3033 ciunt3
471 2946 650 3018 iube
695 2948 1168 3020 conticescere
1203 2948 1511 3044 gemitus
1544 2964 1619 3019 et
1660 2949 2115 3021 exclamatio-

189 3076 310 3127 nes
325 3102 352 3141 ,
385 3069 466 3125 et
496 3074 768 3129 vocum
793 3052 979 3130 inter
997 3053 1509 3126 'lacerationem
1548 3053 1880 3126 elisarum
1916 3078 2113 3125 acer-

186 3159 512 3236 bitatem.
549 3158 840 3253 Nempe
865 3160 1080 3232 dolor
1108 3177 1252 3248 θεῖς
1283 3184 1506 3254 quem
1530 3160 1959 3257 podagricus
1991 3162 2115 3233 ille

192 3271 636 3358 contemnit,
662 3296 890 3364 quem
909 3271 1379 3344 stomachicus
1401 3271 1523 3343 ilie
1550 3273 1627 3343 in
1652 3272 1815 3366 ipsis
1840 3270 2113 3345 deliciis

192 3379 478 3472 perfert,
501 3404 734 3475 quern
757 3381 838 3451 in
861 3380 1241 3475 puerperio
1264 3383 1506 3475 puella
1527 3382 1945 3475 perpetitur.
1970 3383 2135 3455 Le-’

193 3488 293 3559 vis
315 3506 458 3578 est,
499 3490 562 3560 si
591 3489 776 3563 ferre
817 3512 1109 3584 possum
1127 3515 1150 3579 3
1167 3574 1172 3581 ,
1191 3490 1436 3578 brevis,
1456 3510 1563 3585 est
1582 3541 1610 3582 ,
1642 3494 1705 3563 si
1730 3490 1914 3565 ferre
1952 3515 2113 3567 nou·

282 3720 520 3793 Haec
497 3745 584 3793 m
607 3720 856 3794 animo
874 3723 1162 3809 voluta,
1195 3743 1386 3814 quae
1408 3742 1617 3814 saepe
1636 3718 1896 3791 audisti
1910 3770 1933 3810 ,
1960 3746 2109 3795 sae-

190 3853 278 3925 pe
299 3830 580 3907 dixisti·
554 3880 582 3923 ‚
621 3832 750 3907 sed
765 3882 796 3928 ,
821 3856 918 3909 an
933 3856 1100 3907 vere
1130 3828 1477 3924 audietis,
1499 3854 1593 3903 an
1609 3854 1779 3909 vere
1806 3832 2109 3956 dixeris,

2350 2298 2364 2333 θ
