2809 4850
815 219 830 250 ›

687 401 830 477 2⁶⁶
1075 390 1647 472 L.ANNAE1
1704 357 2215 472 SENECAE
2288 383 2297 388 ·

681 601 766 618 --
786 555 1069 662 Quidni
1102 555 1296 628 bona
1315 555 1352 626 Ρ
1373 555 1563 649 quid
1584 573 1826 628 autem
1860 557 2143 630 stultius
2164 574 2268 632 eet
2281 609 2306 648 ,
2330 549 2597 652 quamg

682 670 853 764 quia
875 669 1004 742 diu
1027 693 1180 741 non
1207 667 1571 756 didiceris,
1609 692 1763 741 non
1788 669 2055 742 discere
2078 671 2113 742 Ρ
2141 711 2215 726 -
2250 671 2463 778 Quid
2492 695 2601 742 er-
2721 703 2741 718 --

680 781 825 879 go?
873 780 1072 852 idem
1116 779 1365 852 faciam
1389 829 1415 867 ,
1468 778 1672 873 quod
1710 783 1987 852 trossuli
2024 796 2098 853 et
2125 781 2471 853 iuvenes?
2514 819 2586 833 -

677 889 874 962 Bene
919 913 1215 960 mecum
1247 889 1521 986 agitur,
1576 889 1631 959 si
1672 891 1814 962 hoc
1857 913 2095 962 unum
2144 903 2595 961 senectutem

678 1025 914 1072 meam
941 999 1263 1072 dedecet.
1281 999 1548 1078 Omnis
1573 1002 1813 1071 aetatis
1842 997 2167 1072 homines
2195 1001 2371 1072 haec
2390 997 2597 1070 scho-

677 1111 748 1180 la
777 1107 1138 1180 admittit:
1180 1108 1259 1180 in
1304 1108 1455 1190 hoc,
1476 1132 1675 1180 senes
1702 1134 1979 1198 eamus,
2028 1127 2111 1182 ut
2150 1109 2452 1180 iuvenes
2495 1131 2601 1178 se·-

681 1232 1018 1306 quantur.
1049 1214 1134 1286 In
1157 1215 1517 1286 theatrum
1535 1239 1754 1288 senex
1778 1217 1939 1306 ibn,
1970 1232 2044 1288 et
2068 1215 2145 1288 in
2170 1217 2443 1287 circum
2476 1211 2602 1284 de-

679 1319 898 1408 ferar,
949 1317 1048 1394 et‘
1073 1325 1357 1395 nullum
1412 1349 1539 1419 par
1586 1325 1739 1396 sine
1790 1349 1911 1396 me
1960 1313 2461 1422 depugnabit?
2508 1317 2600 1392 ad

677 1428 1194 1526 philosophum
1234 1429 1336 1502 ire
1375 1430 1782 1502 erubescam
1805 1423 1859 1500 ’ᾖ
1898 1429 2177 1501 Tamdiu
2232 1427 2603 1502 discendum

681 1555 780 1610 est
795 1589 820 1613 .
882 1538 1230 1630 quamdiu
1285 1540 1543 1610 nescias
1572 1565 1593 1623 3
1650 1539 1705 1609 si
1754 1538 2136 1632 proverbio
2194 1537 2555 1611 credimus
2576 1586 2602 1625 ‚

678 1648 984 1745 quamdiu
1027 1650 1229 1720 vivas.
1267 1647 1424 1720 Nec
1468 1649 1597 1718 ulli
1647 1648 1789 1720 hoc
1828 1646 1925 1718 rei
1960 1646 2177 1745 magis
2218 1645 2603 1734 convenit,

683 1779 906 1848 quam
939 1757 1147 1828 huic:
1187 1756 1473 1828 tamdiu
1512 1753 1933 1828 discendum
1976 1772 2079 1827 est
2112 1753 2600 1848 quemadmo-

682 1865 866 1938 dum
909 1867 1135 1954 vivas,
1173 1863 1524 1958 quamdiu
1569 1865 1775 1936 vivas.
1828 1863 1983 1962 Ego
2015 1881 2257 1936 tamen
2284 1861 2439 1936 illic
2478 1862 2599 1932 ali-

685 1975 868 2068 quid
891 1989 966 2049 et
990 1974 1240 2046 doceo.
1272 2013 1342 2028 -
1398 1974 1701 2080 Quaeris
1724 2025 1749 2062 ‚
1778 1973 1961 2066 quid
1980 1972 2281 2046 doceam
2300 1971 2338 2044 Ξ)
2374 2011 2450 2032 -η-
2482 1972 2599 2044 Et-

683 2085 820 2154 iam
841 2084 992 2154 seni
1013 2107 1155 2154 esse
1177 2081 1618 2156 discendum.
1648 2080 1885 2152 Pudet
1906 2098 2149 2154 autem
2177 2105 2298 2152 me
2324 2082 2593 2180 generis

685 2192 986 2264 humani
1003 2244 1026 2280 ,
1049 2192 1384 2286 quotiens
1409 2192 1723 2262 scholam
1746 2188 2023 2263 intravi.
2056 2189 2337 2262 Praeter
2361 2191 2595 2284 ipsum

683 2305 1046 2376 theatrum
1071 2300 1757 2395 Neapolitanorum,
1786 2318 1869 2372 ut
1891 2303 2053 2389 scie,
2082 2299 2597 2381 transeundum

687 2424 792 2480 est
816 2410 1235 2483 Metronactis
1257 2408 1675 2505 petentibus
1702 2407 2027 2483 domurn.
2069 2408 2262 2484 lund
2292 2408 2597 2505 quidem

683 2516 990 2589 farctum
1013 2533 1149 2605 est3
1179 2534 1252 2589 et
1288 2518 1563 2617 ingenti
1594 2517 1834 2589 studio
1854 2569 1877 2606 ‚
1916 2519 2074 2613 quis
2098 2518 2185 2592 sit
2216 2519 2593 2616 pythaules

683 2626 956 2713 bonus,
981 2626 1365 2699 iudicatur.
1406 2628 1623 2700 habet
1646 2627 1944 2701 tubicen
1970 2654 2271 2724 quoque
2294 2630 2599 2703 Graecus
2666 2656 2673 2664 ·

685 2751 760 2807 et
795 2757 1051 2829 praeco
1078 2756 1527 2807 concursum.
1569 2734 1707 2805 At
1691 2758 1769 2807 m
1803 2735 1933 2807 illo
1954 2738 2117 2809 loco
2138 2787 2163 2826 ,
2210 2736 2288 2809 in
2314 2762 2468 2833 quo
2496 2736 2595 2809 vir
2656 2769 2659 2773 ¹

683 2842 920 2915 bonus
946 2846 1340 2939 quaeritur,
1372 2846 1451 2917 in
1478 2870 1629 2939 quo
1657 2845 1764 2916 vir
1800 2845 2038 2919 bonus
2066 2837 2393 2935 discitur,
2430 2870 2601 2941 pau-

685 2955 938 3027 tissimi
965 2955 1257 3029 sedent.
1302 2972 1376 3027 et
1402 2956 1479 3027 hi
1506 2956 1861 3065 plerisque
1895 2956 2232 3059 videntur
2250 2952 2450 3027 nihil
2472 2958 2601 3029 bo-

686 3064 764 3137 ni
800 3064 1075 3163 negotii
1107 3065 1402 3151 habere,
1450 3064 1658 3159 quod
1693 3083 1939 3165 agant3
1976 3065 2202 3163 inepti
2234 3082 2308 3137 et
2345 3066 2603 3138 inertes

685 3192 1158 3243 vocanturn-
1217 3172 1403 3243 Mihi
1438 3172 1809 3271 contingat
1851 3175 1978 3245 iste
1996 3173 2309 3246 densus:
2362 3200 2601 3269 aequo

685 3281 932 3353 animo
969 3280 1332 3360 audienda·
1369 3300 1541 3355 sunt
1600 3282 2071 3377 inperitorum
2116 3287 2487 3375 convicia,
2534 3302 2607 3357 et

687 3389 779 3461 ad
825 3391 1120 3463 honesta
1157 3387 1453 3465 vadenti
1482 3396 2065 3473 contemnendus
2104 3414 2225 3471 est
2235 3396 2391 3493 ipse
2428 3419 2606 3473 con·-

689 3517 1883 3573 temtus..
2689 3598 2694 3603 ῃ

810 3612 1074 3708 Perge,
1129 3610 1400 3703 Lucili,
1440 3630 1512 3688 et
1560 3640 1897 3711 propera,
1956 3640 2051 3691 ne
2102 3617 2237 3693 tibi
2280 3618 2556 3692 accidat
2578 3666 2607 3708 ‚

689 3720 896 3811 quod
938 3722 1158 3813 mihi,
1213 3742 1298 3797 ut
1343 3750 1563 3799 senex
1600 3728 1849 3801 discasz
1900 3730 2130 3803 immo
2170 3730 2340 3803 ideo
2387 3731 2605 3833 magis

689 3850 990 3922 propera
1012 3882 1034 3921 ,
1074 3835 1425 3927 quoniam
1471 3836 1549 3909 id
1604 3860 1803 3913 nunc
1843 3838 2197 3939 adgressus
2240 3864 2355 3929 es,
2392 3840 2604 3937 quod
