2809 4850
720 411 864 488 260
1077 401 1159 474 L.
1207 399 1665 476 ANNAEI
1716 393 2260 470 SENECAE

715 565 1212 665 refrigescent?
1249 581 1323 635 et
1367 559 1733 655 quidquid
1776 559 1970 631 aliud
2000 581 2151 633 non
2189 583 2283 632 ex
2320 556 2647 654 imperio

715 677 978 762 animi,
1029 672 1153 746 sed
1198 672 1603 742 inconsulto
1642 669 1971 763 quodam
2005 683 2299 740 naturae
2348 667 2647 762 impetu

715 785 1023 890 geritur?
1057 823 1129 836 —
1171 781 1472 852 Fateor:
1500 777 1625 852 sed
1650 779 1969 850 manebit
1998 779 2101 850 illi
2133 780 2501 884 persuasio
2528 803 2647 850 ea-

715 897 921 980 dem,
957 892 1135 964 nihil
1171 892 1460 962 illorum
1504 890 1777 960 malum
1816 911 1959 958 esse
1980 939 2001 976 ,
2044 912 2173 959 nec
2199 887 2511 985 dignum
2555 886 2643 958 ad

713 1004 924 1103 quod
963 1023 1162 1074 mens
1207 1023 1367 1072 sana
1395 997 1697 1071 deficiat.
1742 997 2010 1070 Omnia
2036 1050 2059 1085 ‚
2100 1021 2291 1092 quae
2308 997 2643 1070 facienda

714 1131 930 1192 erunt
952 1168 974 1206 ‚
1011 1112 1344 1185 auda‘cter
1375 1111 1543 1184 facit
1572 1125 1646 1182 et
1670 1127 1974 1205 promte.
2034 1109 2198 1181 Hoc
2233 1110 2439 1180 enim
2464 1111 2639 1180 stul·

713 1228 910 1303 titiae
940 1225 1316 1322 proprium
1347 1225 1507 1320 quis
1538 1247 1689 1294 non
1724 1222 2025 1308 dixerit,
2064 1225 2315 1319 ignave
2344 1238 2423 1293 et
2463 1247 2636 1292 con-

715 1336 1091 1409 tumaciter
1110 1334 1334 1405 facere
1358 1357 1545 1426 quae
1573 1330 1811 1416 faciat3
1855 1346 1928 1402 et
1950 1332 2088 1401 alio
2114 1355 2377 1424 corpus
2402 1331 2637 1424 inpel-

711 1447 890 1532 lere,
917 1445 1056 1517 alio
1081 1441 1433 1531 animum,
1462 1437 1939 1532 distrahique
1922 1454 2105 1510 mter
2130 1439 2635 1511 diversissimos

712 1550 1011 1622 motus?
1043 1549 1193 1620 Iam
1231 1564 1560 1656 propter
1564 1545 1727 1615 ina·
1709 1568 1897 1639 ipsa,
1934 1547 2203 1639 quibus
2240 1549 2539 1618 extollit
2570 1573 2669 1624 ses

711 1658 1199 1751 miraturque,
1250 1671 1617 1727 contemta
1660 1669 1805 1740 θεῖς
1860 1672 1933 1724 et
1986 1676 2080 1724 ne
2120 1655 2239 1725 ina
2279 1655 2627 1748 quidem,

713 1768 978 1861 quibus
1014 1765 1395 1866 glutiatur,
1428 1763 1739 1834 libenter
1768 1761 1958 1834 facit.
2010 1762 2085 1835 Si
2116 1773 2289 1836 'vero
2324 1763 2630 1857 aliquod

711 1879 1012 1950 timetur
1056 1877 1328 1946 malum
1360 1925 1382 1963 ,
1440 1897 1529 1952 eo
1580 1867 1920 1968 perinde,
1980 1872 2162 1944 dum
2226 1889 2626 1969 exspectat,

711 1986 911 2080 quasi
935 1986 1234 2062 venisset
1269 1997 1595 2082 urgetur3
1644 1995 1718 2054 et
1740 2027 1763 2068 ‚
1806 1981 2175 2075 quidquid
2200 2007 2297 2055 ne
2320 1987 2631 2078 patiatur

709 2095 922 2165 timet
938 2145 959 2181 ,
985 2094 1126 2163 iarn
1153 2106 1356 2163 metu
1379 2090 1669 2184 patitur.
1698 2089 2352 2193 Quemadmodum
2372 2093 2457 2164 in
2482 2117 2630 2164 cor-

708 2201 1007 2297 poribus
1048 2197 1343 2270 infirmia
1395 2200 1817 2296 languorem
1872 2197 2063 2296 signa
2112 2219 2624 2293 praecum-unu

711 2310 1070 2410 quaedam
1101 2309 1296 2378 enim
1327 2307 1625 2404 segnitia
1668 2306 1901 2382 nervis
1926 2325 2067 2397 est,
2110 2327 2183 2380 et
2206 2311 2361 2382 sine
2386 2311 2625 2382 labore

712 2411 866 2491 ullo
911 2415 1293 2506 lassitudO,
1348 2432 1424 2489 et
1462 2415 1783 2489 oscitatio
1804 2464 1831 2507 ,
1876 2434 1951 2490 et
1995 2412 2247 2493 hortor
2296 2421 2622 2495 membra

709 2540 1160 2621 percurrerim
1223 2523 1319 2594 sic
1369 2524 1695 2597 infirmus
1740 2525 2022 2598 animus
2044 2578 2065 2617 ,
2124 2530 2364 2601 multo
2420 2548 2579 2601 ante
2600 2581 2623 2617 ‚

707 2640 934 2725 quarn
957 2629 1409 2727 opprimatur
1446 2632 1645 2703 malis
1664 2682 1686 2722 ,
1722 2634 2045 2727 quatitur
2062 2660 2083 2720 3
2128 2636 2523 2729 praesumit
2555 2637 2623 2707 il·

707 2744 814 2829 la,
846 2756 920 2813 et
945 2758 1114 2814 ante
1129 2748 1418 2845 tempus
1442 2741 1655 2813 cadit.
1690 2741 1899 2847 Quid
1924 2759 2168 2815 autem
2196 2742 2619 2833 dementius,

707 2864 929 2947 quarn
969 2850 1132 2949 angi
1173 2846 1487 2939 ίῑὶτυίιες
1515 2862 1659 2924 nec·
1700 2874 1773 2923 se
1815 2866 2181 2925 tormento
2234 2864 2621 2945 reservare,

707 2960 835 3033 sed
849 2984 1186 3034 arcessere
1211 2960 1345 3031 sibi
1379 2960 1685 3032 miserias
1716 2977 1787 3033 et
1818 2961 2202 3035 admovere
2220 2964 2257 3036 Ρ
2286 2990 2468 3059 quas
2494 2966 2623 3037 dif-

705 3070 854 3142 fere
877 3073 1242 3164 optimum
1267 3080 1408 3157 esf,
1444 3072 1499 3141 si
1528 3070 1872 3143 discutere
1902 3094 2051 3142 non
2074 3074 2308 3166 possis.
2342 3076 2477 3149 vis
2504 3077 2621 3148 sci-

705 3200 826 3269 re,
849 3172 1100 3253 futuro
1122 3181 1489 3253 neminem
1512 3182 1537 3277 [
1558 3174 1863 3277 debere]
1887 3185 2254 3307 torqueri?
2281 3188 2624 3291 Quicum·

707 3308 856 3385 que
892 3290 1238 3374 audierit,
1265 3306 1430 3381 post
1466 3290 2145 3389 quinquagesimum
2182 3319 2469 3369 annum
2502 3296 2621 3367 sibi

703 3400 1038 3495 patienda
1077 3398 1464 3493 supplicia,
1494 3410 1645 3470 non
1689 3402 2190 3494 perturbatur,
2218 3406 2351 3477 nisi
2386 3408 2446 3479 si
2483 3432 2619 3479 me-

707 3508 916 3581 dium
948 3506 1256 3603 spatium
1295 3506 1758 3598 transsilierit,
1800 3528 1873 3584 et
1915 3535 1987 3583 se
2024 3515 2101 3583 in
2140 3515 2339 3587 illam
2386 3519 2617 3589 seculo
2738 3610 2740 3617 Ι

704 3632 868 3707 post
917 3616 1236 3691 futuram
1290 3618 1847 3695 sollicitudinem
1909 3622 2276 3699 inmiserit.
2340 3624 2613 3700 Eodem

704 3724 932 3797 modo
976 3729 1103 3817 fit,
1139 3746 1222 3799 ut
1255 3729 1530 3801 animos
1566 3731 1875 3805 libenter
1904 3758 2181 3834 aegros,
2198 3744 2293 3809 et
2330 3756 2613 3835 captan-

706 3839 810 3901 tes
846 3857 1074 3909 causas
1119 3838 1396 3913 doloris
1393 3889 1431 3931 ,
1482 3857 1715 3913 vetera
1762 3860 1983 3939 atque
2031 3828 2409 3922 obliterata
2454 3872 2609 3924 con·-
