2809 4850
643 389 778 490 238
851 327 858 334 ’
1021 379 1100 453 L.
1149 354 1593 452 AN‘NAEI
1642 373 2165 448 SENECAE

638 541 1070 622 considentis·
1106 541 1236 611 soli
1270 541 1503 630 lapsus
1543 533 1873 606 abducet.
1927 529 2131 637 Quid
2178 544 2285 602 est
2328 553 2505 629 ergo
2534 581 2569 618 ,

639 681 854 756 quare
885 656 1214 750 indigner
1249 665 1374 722 aut
1400 647 1725 731 doleam,
1766 642 1821 712 si
1854 641 2117 738 exiguo
2157 659 2559 712 momento

635 771 926 868 publica
973 765 1114 836 fata
1165 757 1633 855 praecedo?“
1698 753 2001 850 Magnus
2046 752 2329 824 animus
2376 751 2555 824 Deo

635 894 874 974 pareat
889 927 914 962 ,
939 888 1012 943 et
1028 920 1051 958 ‚
1078 865 1443 963 quid‘quid
1466 867 1583 934 lex
1600 861 1907 934 universi
1934 860 2179 947 iubet,
2206 861 2361 932 sine
2384 884 2563 931 cun-

635 991 952 1061 cta-tione
981 977 1308 1075 patiatur.
1337 973 1487 1046 Aut
1523 973 1599 1043 in
1640 971 2017 1054 meliorem
2052 971 2411 1044 emittitur
2438 970 2559 1041 vi..

635 1117 782 1184 tem
810 1144 833 1181 ,
879 1091 1184 1164 lucidius
1222 1085 1819 1179 tranquilliusque
1848 1083 2030 1152 inter
2074 1081 2557 1165 divinoeman-

554 1253 567 1265 ·
634 1231 835 1280 surus
853 1233 874 1292 ς
915 1221 1040 1276 aut
1065 1218 1293 1288 certe,
1325 1199 1477 1270 sine
1510 1197 1661 1266 ullo
1692 1193 1975 1267 futurus
2012 1192 2499 1264 incommodo
2522 1244 2550 1280 ,

635 1342 800 1388 suae
824 1330 1112 1386 naturae
1131 1307 1652 1390 remiscebitur,
1682 1319 1753 1374 et
1770 1319 2161 1374 revertetur
2182 1301 2262 1370 in
2280 1317 2549 1372 totum.

635 1425 810 1496 Non
851 1438 954 1492 est
993 1444 1158 1516 ergo
1203 1417 1302 1486 Μ.
1325 1412 1879 1485 Catonis'maius
1920 1412 2201 1482 bonum
2242 1411 2551 1483 honesta

634 1532 820 1617 vita,
865 1553 1086 1621 quam
1121 1548 1314 1596 mors
1343 1525 1675 1606 honesta3
1712 1521 2059 1614 quoniam
2102 1545 2255 1592 non
2300 1522 2549 1591 inten-

635 1641 834 1712 ditur
851 1639 1114 1712 VirtuS.
1143 1637 1321 1708 Idem
1351 1659 1482 1704 esse
1497 1681 1517 1719 ‚
1545 1631 1828 1702 dicebat
1846 1628 1894 1699 S
1914 1643 1965 1702 Ο
1986 1651 2027 1702 c
2048 1652 2099 1703 R
2115 1651 2167 1702 ‚A
2186 1650 2233 1700 Τ
2252 1649 2297 1700 E
2320 1648 2353 1700 s
2376 1681 2401 1716 ‚
2434 1655 2551 1702 ve·-

633 1753 898 1820 ritatem
935 1762 1000 1816 et
1025 1748 1332 1817 virtutem
1349 1769 1372 1811 .-
1405 1738 1787 1832 quomodo
1814 1741 1931 1810 illa
1956 1764 2111 1810 non
2134 1737 2414 1824 crescit,
2448 1736 2549 1808 sic

635 1877 728 1924 ne
743 1853 964 1936 virtus
979 1849 1276 1944 quidem
1297 1875 1317 1935 ς
1351 1849 1569 1920 habet
1593 1871 1929 1919 numeros
1952 1872 2149 1933 ευοε,
2178 1849 2395 1940 plene
2416 1864 2544 1916 est.

745 1965 918 2036 Non
947 1977 1048 2032 est
1075 1963 1320 2054 itaque
1341 2012 1363 2049 ,
1390 1959 1595 2052 quod
1616 1958 1885 2036 mireris
1915 1959 2107 2052 paria
2132 1982 2273 2028 esse
2300 1957 2543 2043 Bona,

635 2093 708 2148 et
742 2097 928 2166 quae
957 2097 1053 2142 ex
1087 2071 1459 2166 proposito
1500 2069 1849 2142 sumenda
1888 2085 2099 2156 sunt,
2148 2084 2223 2142 et
2258 2091 2449 2160 quae
2486 2065 2551 2136 si

629 2186 732 2256 ita
757 2207 866 2254 res
899 2181 1086 2252 tulit.
1133 2179 1326 2253 Nam
1362 2181 1420 2250 si
1446 2182 1625 2252 hanc
1652 2179 2229 2272 inaequalitatem
2255 2201 2545 2270 recepe-

629 2294 758 2378 ris,
801 2309 874 2362 et
918 2291 1196 2370 fortiter
1239 2289 1563 2381 torqueri
1612 2289 1687 2358 in
1732 2287 2131 2360 minoribus
2160 2287 2371 2358 bonis
2397 2309 2545 2356 nu-

629 2426 854 2475 meres
878 2450 903 2489 ‚
940 2397 1344 2473 numerabis
1393 2397 1607 2469 etiam
1644 2398 1728 2470 ‚in
1774 2397 2004 2473 malis:
2060 2412 2133 2471 et
2172 2395 2543 2469 infelicem

627 2509 988 2584 Socratem
1036 2510 1226 2580 dices
1271 2510 1346 2579 in
1390 2532 1697 2593 carcere3
1726 2506 2101 2585 ,infelicem
2142 2504 2541 2593 Catonem,

623 2622 919 2695 vulnera
951 2617 1523 2705 sua-animosius,
1570 2643 1793 2711 quam
1818 2612 2113 2702 fecerat,
2152 2633 2539 2689 retractan-

627 2744 818 2812 tem3
853 2726 1525 2799 calamitosissimum
1552 2727 1885 2797 omnium
1908 2725 2269 2821 Regulum
2295 2774 2319 2813 ‚
2364 2725 2541 2797 fidei
2641 2772 2645 2776 -

625 2861 892 2933 poenas
927 2837 1143 2909 etiam
1189 2836 1511 2907 hostibus
1553 2854 1859 2909 servatae
1888 2834 2351 2929 pendentem.
2403 2841 2541 2907 At-

499 2932 506 2941 ’
625 2948 756 3041 qui
783 2972 1002 3019 nemo
1030 2948 1170 3019 hoc
1193 2947 1468 3035 dicere,
1500 2970 1593 3020 ne
1621 2971 1716 3019 ex
1738 2946 2159 3019 mollissimis
2182 2948 2487 3042 quidem
2506 2997 2537 3035 ‚

622 3082 828 3129 ausus
875 3074 1016 3129 esta
1062 3076 1326 3155 negant
1367 3059 1561 3129 enim
1604 3058 1813 3129 illum
1851 3082 1993 3132 esse
2031 3058 2369 3145 beatum,
2406 3056 2536 3129 sed

621 3181 864 3236 tamen
904 3183 1169 3263 negant
1207 3168 1567 3243 miserum.
1610 3166 2020 3239 Academici
2058 3182 2331 3237 veteres
2363 3165 2539 3237 bea-

621 3288 782 3347 tum
815 3277 1114 3368 quidem
1153 3302 1295 3349 esse
1323 3277 1537 3349 etiam
1562 3276 1746 3349 inter
1771 3272 2278 3371 hos-cruciatus
2300 3274 2539 3346 faten-

619 3403 769 3474 tur,
791 3385 912 3457 sed
937 3409 1090 3458 non
1111 3387 1202 3457 ad
1229 3386 1656 3481 perfectum,
1680 3412 1815 3459 nec
1837 3387 1927 3460 ad
1954 3390 2253 3483 plenum
2272 3412 2303 3457 τ’
2320 3386 2531 3481 quod

619 3499 826 3568 nullo
849 3497 1074 3569 modo
1094 3503 1334 3593 potest
1349 3499 1596 3590 recipi.
1626 3498 1775 3569 Nisi
1804 3484 2052 3569 beatus
2080 3516 2183 3569 est
2198 3549 2222 3585 ‚
2247 3499 2329 3569 in
2350 3522 2531 3569 sum-

618 3629 742 3674 mo
788 3607 988 3679 bono
1021 3631 1170 3678 non
1215 3622 1332 3681 est·
1381 3608 1613 3710 Quod
1648 3632 2021 3679 summum
2062 3607 2345 3677 Bonum
2384 3622 2529 3693 est,

615 3734 824 3802 supra
853 3738 930 3785 se
967 3714 1278 3811 gradum*
1311 3738 1465 3785 non
1490 3713 1767 3801 ·habet;
1806 3715 1860 3785 si
1896 3714 2125 3791 modo
2152 3712 2256 3785 illi
2284 3713 2529 3785 Virtus

615 3822 798 3891 inest
819 3870 844 3910 ,
867 3824 1176 3897 ·si.illam
1221 3824 1509 3896 adversa
1546 3845 1700 3895 non
1738 3824 2128 3917 minuunt,
2182 3825 2243 3900 si
2276 3820 2529 3901 manet
