2809 4850
679 383 866 464 250‘
1059 355 1144 432 L.
1187 351 1632 431 ANNAEI
1680 343 2204 427 SENECAE
2292 377 2299 384 ·

779 517 838 592 Ο
871 519 1168 593 Meliboee
1185 572 1212 596 .
1245 517 1429 588 Deus
1460 517 1641 588 nobis
1680 515 1837 586 haec
1870 512 2251 612 otia'fecit!
2374 547 2383 554 ·

771 653 1040 726 namque
1069 631 1195 702 erit
1233 628 1342 700 ille
1372 627 1533 698 mihi
1558 649 1802 723 semper
1824 622 2031 696 Deus.
2060 662 2131 674 —
2176 661 2249 679 --

675 734 753 809 Si
793 736 908 806 illa
933 759 1238 830 quoque
1265 733 1411 808 otia
1449 735 1769 806 multum
1795 733 2068 804 auctori
2096 757 2227 823 suo
2272 729 2604 821 debent,

677 869 995 942 quorum
1023 869 1290 918 munus
1315 846 1455 918 hoc
1478 843 1877 914 maximum
1912 859 2055 916 est:

767 948 898 1026 Ille
911 979 1093 1030 meas
1117 980 1335 1027 errare
1367 955 1546 1028 boves
1571 954 1599 1046 (
1620 971 1695 1024 uc
1719 954 1965 1046 cernis)
1992 969 2059 1023 et
2093 952 2305 1050 ipsum

777 1067 1030 1142 ludere.
1059 1091 1220 1162 quae
1242 1066 1465 1140 vellem
1480 1119 1504 1140 .
1543 1067 1787 1136 calamo
1804 1067 2101 1164 permisit
2126 1065 2389 1157 agresti
2400 1093 2425 1133 .-

677 1174 934 1270 quanti
971 1175 1419 1248 aestimamus
1457 1175 1597 1246 hoc
1624 1175 1901 1264 otium,
1938 1173 2145 1267 quod
2182 1173 2373 1254 inter
2406 1174 2598 1248 Deos

676 1283 948 1384 agitur,
976 1284 1182 1375 quod
1215 1281 1411 1354 Deos
1444 1281 1659 1354 facit?

773 1394 877 1465 Ita
904 1389 1100 1480 dien,
1141 1378 1413 1478 Lucili3
1441 1408 1513 1464 et
1538 1408 1613 1462 te
1639 1389 1716 1462 in
1742 1391 2029 1462 coelum
2054 1389 2596 1486 compendiario

677 1526 889 1574 voco.
939 1499 1236 1575 Solebat
1273 1502 1320 1572 S
1342 1521 1386 1572 Ε
1408 1521 1461 1572 x
1482 1520 1528 1570 ‘r
1546 1521 1577 1570 1
1601 1519 1653 1570 U
1678 1518 1713 1570 s
1750 1499 2019 1586 dicere,
2056 1501 2271 1574 Iovem
2297 1503 2452 1599 plus
2476 1527 2595 1572 uon

665 1634 888 1714 posse,
907 1634 1100 1704 quam
1119 1613 1348 1681 bonum
1365 1612 1597 1680 virum.
1626 1599 1833 1680 Plura
1850 1607 2119 1701 Iupiter
2137 1609 2390 1694 habet,
2411 1632 2593 1702 quae

679 1734 985 1812 praestet
1011 1717 1468 1804 hominibus;
1496 1716 1623 1786 sed
1645 1717 1828 1786 inter
1853 1715 2037 1786 duos
2063 1715 2300 1790 bonos
2318 1739 2477 1787 non
2504 1731 2597 1787 est

679 1825 980 1914 melior,
1009 1827 1140 1920 qui
1165 1825 1637 1948 locupletior-z
1678 1849 1831 1896 non
1868 1813 2122 1921 magis,
2154 1851 2385 1918 quam
2422 1825 2595 1896 inter

683 1933 866 2006 duos
883 1985 908 2023 ,
931 1935 1196 2026 quibus
1230 1960 1352 2030 par
1370 1933 1667 2025 scientia
1696 1935 1987 2032 regendi
2028 1935 2593 2032 gubernaculum

683 2062 821 2130 est,
845 2044 1214 2146 meliorem
1244 2046 1525 2133 dixeris,
1551 2045 1667 2118 cui
1692 2045 1931 2116 maius
1938 2046 2468 2141 speciosiusque
2492 2073 2596 2117 na·

680 2156 946 2252 vigium
981 2173 1103 2226 est.
1147 2154 1419 2251 Iupiter
1440 2179 1592 2248 quo
1614 2136 1976 2226 antecedit
2001 2154 2235 2226 virum
2266 2155 2595 2228 bonum?

679 2262 971 2336 Diutius
1002 2263 1239 2334 bonus
1267 2281 1388 2334 est.
1417 2262 1707 2386 Sapiens
1734 2262 1961 2332 nihilo
1980 2287 2051 2333 se
2079 2263 2375 2336 minoris
2400 2267 2597 2336 aesti-

680 2391 831 2467 mat
849 2424 874 2464 ,
907 2373 1112 2467 quod
1159 2376 1453 2460 virtutes
1480 2375 1627 2445 eius
1652 2375 1879 2467 spatio
1909 2374 2236 2449 breviore
2272 2375 2592 2449 cludun-

681 2502 823 2555 tur.
852 2486 1504 2589 Quemadmodum
1534 2509 1627 2557 ex
1653 2485 1947 2559 duobus
1966 2486 2453 2585 sapi-entibus,
2471 2489 2595 2581 qui

677 2593 912 2663 senior
954 2593 1288 2685 decessit,
1327 2618 1483 2665 non
1526 2609 1629 2666 est
1670 2594 1945 2667 beatior
1989 2622 2077 2668 eo
2100 2647 2125 2685 ,
2177 2596 2377 2669 cuius
2392 2598 2595 2685 ‚intra

565 2740 570 2749 ·
639 2703 1050 2796 pauciores
1101 2728 1326 2775 annos
1366 2706 1740 2779 terminata
1789 2704 2013 2777 virtus
2070 2705 2211 2778 ests
2260 2706 2357 2777 sic
2405 2706 2597 2779 Deus
2680 2760 2682 2762 .

677 2836 834 2884 non
870 2813 1095 2891 vincit
1127 2810 1539 2907 Sapientem
1583 2812 1915 2888 felicitate
1941 2864 1965 2901 ‚
2018 2815 2235 2885 etiam
2282 2814 2333 2885 si
2373 2815 2597 2888 vincit

679 2939 928 3013 aetate.
953 2922 1130 2996 Non
1165 2938 1270 2995 est
1299 2923 1519 2997 virtus
1550 2924 1815 3011 maior,
1843 2947 2027 3016 quae
2050 2925 2355 3023 longior.
2398 2924 2599 3018 Iupi-

680 3049 789 3109 ter
811 3035 1054 3105 omnia
1079 3034 1296 3105 habet
1313 3034 1505 3119 3'sed
1529 3056 1793 3126 nempe
1828 3034 1975 3105 aliis
2001 3034 2298 3105 tradidit
2324 3034 2599 3107 haben·-

681 3144 791 3216 da.
829 3145 948 3217 Ad
970 3145 1206 3238 ipsum
1231 3144 1348 3217 hic
1370 3168 1557 3219 unus
1582 3166 1749 3218 usus
1766 3147 2076 3238 pertinet
2091 3195 2115 3232 ‚
2150 3144 2357 3238 quod
2384 3164 2595 3235 uten-

681 3254 762 3325 di
787 3253 1126 3323 omnibus
1149 3274 1352 3324 causa
1379 3267 1515 3323 est:
1566 3248 1861 3347 Sapiens
1894 3270 2036 3323 tam
2066 3278 2303 3347 aequo
2348 3254 2597 3348 animo

678 3359 924 3432 omnia
954 3360 1152 3453 apud
1173 3360 1344 3433 alios
1375 3361 1574 3431 videt
1598 3362 2185 3455 contemnitque,
2222 3365 2598 3456 quam-Iu-

679 3472 908 3563 piter3
941 3485 1014 3543 et
1052 3470 1194 3543 hoc
1225 3496 1298 3545 se
1327 3472 1547 3568 tnagis
1574 3471 1857 3567 suspicit
1875 3521 1900 3560 ‚
1936 3472 2451 3567 quod-Iupiter
2490 3474 2597 3545 uti

681 3578 814 3647 illis
841 3602 1002 3657 non
1013 3596 1250 3673 potest
1267 3628 1290 3668 ,
1316 3577 1609 3675 Sapiens
1630 3604 1787 3655 non
1813 3584 1992 3654 vult.
2036 3573 2429 3659 Credamus
2466 3583 2596 3655 ita-

682 3707 831 3775 que
869 3686 1166 3761 Ssxno
1195 3739 1220 3777 ,
1266 3690 1693 3763 monstranti
1736 3690 2303 3787 pulcherrimum
2344 3692 2490 3764 -iter
2528 3708 2596 3765 et

681 3796 1050 3872 clamanti:
1075 3796 1227 3877 Hac
1257 3804 1400 3873 itur
1429 3800 1519 3875 ad
1549 3802 1773 3895 astra!
1804 3802 1963 3879 hac.
1984 3801 2595 3902 secvndumfruga·
