2809 4850
1285 235 1306 244 ⁵

1295 259 1328 276 0⁴

493 334 1299 462 Ep'lSTOLA
1384 380 1787 462 Lxxlv.
1960 415 2091 496 253

145 535 324 608 lem
371 532 582 616 fecit:
621 559 764 608 una
797 538 970 612 haec
1007 538 1118 620 via
1157 557 1261 624 est
1307 543 1402 614 ad
1448 559 1601 620 tuta
1640 548 1976 644 vadenti,
2030 577 2101 630 et

151 664 476 730 externa
532 645 886 742 despicere
911 701 934 737 ,
985 667 1060 744 et
1101 651 1402 726 honesto
1426 733 1432 743 ,
1454 676 1885 734 contentum
1936 689 2097 740 esse.

155 754 376 828 Nam
399 755 526 849 qui
549 757 824 850 aliquid
847 759 1136 836 Virtute
1163 764 1415 840 melius
1441 784 1650 861 putat
1671 821 1693 858 ,
1715 790 1841 848 aut
1866 776 2095 846 ullum

156 881 457 960 praeter
495 866 691 940 illam
721 865 1076 956 ›Bonum3
1123 869 1218 942 ad
1266 873 1441 947 haec
1484 901 1671 974 quae
1709 905 1759 951 ·a
1811 879 2096 954 fortuna

159 992 647 1074 sparguntur,
687 977 928 1050 sinum
969 980 1353 1073 expandit,
1397 1005 1473 1054 et
1504 986 1843 1060 sollicitus
1880 988 2101 1063 missi÷

159 1084 448 1168 liasseius
463 1103 838 1180 exspectat.
867 1087 1074 1170 Hanc
1099 1089 1485 1188 imaginem
1512 1095 1756 1166 animo
1781 1111 1915 1166 tuo
1938 1121 2094 1191 pro·

161 1218 410 1288 pone,
447 1192 660 1268 ludos
689 1194 915 1266 facere
939 1193 1300 1270 fortunam
1322 1249 1349 1286 ,
1387 1215 1463 1270 et
1491 1198 1569 1270 in
1603 1199 1797 1274 hunc
1832 1220 2098 1276 morta-

163 1305 362 1398 lium
385 1321 677 1380 coetum
699 1309 1024 1380 -honores
1048 1361 1074 1400 ,
1115 1308 1389 1388 divitias
1413 1359 1438 1397 ,
1457 1310 1768 1406 gratiam
1800 1325 2096 1394 excute-

161 1441 282 1489 re:
318 1443 635 1512 quorum
677 1419 808 1496 alia
848 1422 1033 1492 inter
1081 1419 1569 1514 diripientium
1606 1445 1861 1495 manus
1900 1423 2094 1494 scissa

163 1542 381 1614 sunt3
421 1531 550 1600 alia
585 1528 810 1604 infida
843 1531 1176 1602 societate
1199 1529 1455 1614 divisa3
1516 1530 1649 1602 alia
1676 1554 1938 1628 magno
1965 1531 2095 1602 de·-

164 1637 524 1710 trimento
568 1663 852 1728 eorum,
908 1641 984 1713 in
1035 1663 1220 1732 quos
1265 1640 1741 1732 devenerant,
1800 1667 2092 1736 prensa:

169 1769 268 1816 ex
301 1746 570 1840 quibus
613 1748 965 1840 quaedam
997 1748 1195 1820 aliud
1227 1749 1597 1847 agentibus
1634 1749 2090 1842 inciderunt3

169 1856 532 1949 quaedam
553 1908 578 1944 ,
612 1859 783 1953 quia
827 1860 1046 1940 nimia
1083 1856 1558 1964 captabantur
1578 1908 1602 1946 ,
1650 1860 1935 1950 amissa,
1978 1879 2091 1956 et,

169 1965 358 2038 dum
381 1967 590 2040 avide
625 1970 1042 2064 rapiuntur,
1091 1970 1400 2060 expulsa
1408 1984 1597 2046 sunt.
1643 1968 1843 2042 Nulli
1870 1994 2043 2042 vero
2064 2021 2093 2094 .’

171 2074 392 2170 etiam
430 2077 552 2151 cui
593 2077 856 2171 rapina
880 2075 1176 2164 feliciter
1222 2077 1422 2148 cessit
1440 2125 1467 2164 ,
1516 2076 1859 2197 gaudium
1902 2077 2085 2172 rapti

173 2163 503 2258 duravit
483 2207 560 2254 ιη
582 2202 968 2310 posterum.
1013 2186 1268 2278 Itaque
1291 2167 1875 2279 prudentissimus
1903 2189 2095 2282 quis-

174 2315 368 2384 que,
408 2303 642 2386 quum
668 2297 984 2389 primurn
1027 2293 1276 2368 induci
1319 2292 1522 2367 videt
1559 2298 2023 2388 munuscula,
2051 2320 2093 2374 a
2156 2351 2165 2368 .

53 2462 62 2473 .
174 2401 454 2477 theatro
478 2401 698 2504 fugit,
737 2423 810 2477 et
849 2406 979 2479 scit
1013 2426 1276 2503 magno
1309 2428 1522 2497 parva
1559 2420 1901 2477 constare.
1946 2395 2093 2478 Ne-

171 2535 306 2585 mo
347 2537 648 2591 manum
689 2516 1008 2589 conserit
1035 2538 1206 2589 curn
1236 2512 1655 2602 recedente,
1704 2538 1926 2591 nemo
1946 2539 2092 2598 ex-

175 2638 470 2695 euntem
505 2624 704 2713 ferit3
746 2629 922 2700 circa
960 2627 1358 2721 praemium
1399 2626 1555 2697 rixa
1597 2641 1721 2697 est.
1762 2626 2030 2697 Idem
2012 2653 2090 2703 m

173 2734 282 2805 his
321 2734 598 2823 evenit,
645 2761 830 2830 quae
868 2738 1156 2808 fortuna
1193 2736 1540 2835 desuper
1520 2752 1752 2808 iactat.
1798 2736 2092 2809 Aestua-

140 2869 335 2919 ‘mus
373 2846 672 2937 miseri,
697 2848 1220 2945 distringimur,
1274 2852 1537 2927 multas
1580 2828 1839 2920 habere
1882 2845 2089 2941 cupi-

175 2980 336 3027 mus
361 2980 614 3029 manus
633 2984 654 3043 3
683 2958 948 3029 modo
931 2982 1005 3029 m
1025 2958 1220 3029 illam
1243 2956 1685 3051 respicimus:
1718 2953 1923 3025 nimis
1946 2972 2088 3027 tar-

179 3066 272 3139 de
297 3065 510 3137 nobis
531 3066 725 3139 mitti
744 3066 1081 3137 videntur
1100 3114 1124 3154 ,
1161 3088 1346 3157 quae
1371 3061 1798 3158 cupiditates
1824 3080 2089 3152 nostras

179 3176 472 3273 inritant
491 3228 518 3265 ,
535 3177 632 3259 ‚ad
653 3200 914 3271 paucos
933 3190 1402 3270 perventura,
1432 3188 1831 3267 exspectata
1860 3175 2094 3245 omni-

179 3287 333 3361 bus.
359 3286 467 3357 Ire
490 3286 777 3357 obvia-m
803 3285 1224 3369 cadentibus
1246 3284 1575 3379 cupimus
1598 3310 1619 3371 ς
1658 3282 2089 3381 gaudemus,

177 3393 441 3487 siquid
475 3394 890 3481 invasimus,
935 3394 1483 3487 invadendique
1515 3393 1687 3465 alios
1716 3419 1871 3487 spes
1906 3418 2088 3465 vana

181 3498 477 3577 delusit:
518 3505 734 3577 vilem
763 3503 1098 3598 praedam
1123 3514 1388 3603 magno
1411 3503 1661 3596 aliquo
1687 3501 2093 3573 incommo-

183 3612 580 3705 doluimus,
595 3630 724 3686 aut
739 3615 910 3693 inde
925 3616 1254 3701 fallimur.
1286 3614 1711 3687 Secedamus
1731 3616 1973 3707 itaque
1994 3612 2085 3685 ab

177 3720 320 3795 istis
351 3726 575 3816 ludis,
601 3743 676 3799 et
701 3725 956 3814 demus
999 3725 1398 3821 raptoribus
1444 3725 1729 3798 locum!
1783 3723 1888 3795 ini
1924 3748 2087 3828 spe-

177 3848 376 3921 ctent
399 3836 592 3911 bona
609 3834 736 3909 ista
757 3834 1174 3933 pendentia,
1199 3848 1274 3908 et
1289 3833 1423 3930 ipsi
1442 3830 1657 3961 magis
1674 3831 2059 3929 pendeant.
