2809 4850
691 391 835 470 286
1068 385 1663 496 L·.AN·NAE1
1707 381 2246 458 SENECAE
2348 391 2356 398 ·

688 572 765 628 et
808 553 1105 649 quidem
1146 577 1239 626 ex
1276 552 1540 624 animo.
1593 551 1723 626 vis
1752 566 1837 623 tu
1873 568 2040 648 post
2063 551 2234 622 haec
2269 549 2636 628 dolorem

686 663 1007 734 deridere
1034 662 1069 733 Ρ

780 769 927 844 Sed
950 770 1173 858 nihil,
1204 767 1482 862 inquit,
1521 790 1726 864 agere
1759 765 1926 838 sinit
1953 767 2289 857 morbus,
2319 769 2458 864 qui
2493 792 2630 842 me

684 879 1029 956 omnibus
1050 878 1355 952 abduxit
1378 877 1634 953 officiis.
1668 915 1740 930 --
1789 877 2066 973 Corpus
2090 896 2304 953 tuum
2345 880 2628 952 valitu-

684 992 789 1063 do
811 1004 1012 1062 tenet
1029 1038 1054 1077 ,
1084 1009 1238 1058 non
1262 1003 1333 1056 et
1355 984 1702 1058 animum.
1753 984 2008 1078 Itaque
2037 987 2332 1058 cursoris
2361 1011 2622 1059 mora-

681 1115 806 1174 tur
832 1095 1097 1191 pedes,
1126 1092 1379 1168 sutoris
1415 1118 1495 1168 ac
1513 1093 1691 1165 fabri
1715 1117 1966 1166 manus
1991 1095 2330 1188 inpediet.
2358 1093 2622 1166 Siani-

682 1231 849 1282 mus
872 1206 1005 1280 tibi
1038 1231 1179 1278 esse
1212 1206 1287 1278 in
1322 1229 1452 1277 usu
1478 1207 1692 1292 solet,
1727 1205 2076 1294 suadebis,
2109 1199 2442 1293 docebis,
2473 1227 2616 1278 au·-

682 1317 871 1403 dies,
894 1315 1146 1402 disces,
1184 1335 1515 1408 quaeres,
1557 1314 2050 1386 recordaberis.
2093 1316 2300 1422 Quid
2329 1339 2556 1409 porro
2579 1316 2617 1387 ἓ

678 1425 863 1498 nihil
878 1447 1081 1520 agere
1103 1439 1177 1494 te
1200 1421 1451 1510 credis,
1465 1423 1520 1493 si
1537 1439 1937 1516 temperans
1955 1445 2158 1522 aeger
2173 1423 2310 1494 sis?
2337 1423 2614 1496 Osten-

680 1536 844 1622 des,
883 1534 1468 1628 morbum'posse
1507 1533 1818 1628 superari
1836 1583 1861 1622 ‚
1905 1536 2020 1606 vel
2041 1551 2230 1606 cette
2253 1536 2612 1612 sustineri.

678 1643 843 1733 Est,
884 1643 1067 1715 mihi
1110 1641 1358 1730 crede,
1395 1642 1646 1714 virtuti
1685 1643 1900 1714 etiam
1955 1643 2034 1713 in
2066 1644 2334 1715 lectulo
2371 1647 2604 1716 locus.

678 1755 861 1829 Non
884 1771 1173 1828 tanturn
1197 1778 1389 1825 arma
1414 1769 1487 1824 et
1508 1752 1896 1836 aciesdant
1927 1769 2342 1855 argumenta
2364 1756 2608 1827 alacris

678 1864 903 1936 animi
940 1863 1427 1957 indomitique
1469 1863 1890 1934 terroribus:
1950 1882 2021 1934 et
2054 1864 2130 1936 in
2163 1867 2604 1938 vestimentis

678 1974 791 2046 vir
812 1973 1009 2045 fortis
1034 1972 1343 2068 adparet.
1386 1971 1626 2047 Habes
1649 1971 1854 2064 quod
1884 1995 2077 2072 agas:
2115 1973 2306 2052 bene
2333 1975 2608 2046 luctare

678 2109 847 2156 cum
876 2083 1171 2156 morbo:
1202 2082 1259 2152 si
1282 2082 1468 2152 nihil
1495 2097 1568 2154 te
1589 2082 1937 2180 coegerit,
1967 2084 2021 2154 si
2049 2082 2227 2154 nihil
2257 2109 2602 2158 exorave-

674 2195 812 2280 rit,
838 2189 1107 2288 insigne
1137 2187 1376 2284 prodis
1409 2191 1842 2284 exemplum.
1881 2231 1954 2244 -
1990 2191 2065 2263 Ο
2091 2217 2312 2286 quam
2338 2219 2598 2293 magna

676 2314 826 2371 erat
850 2299 1111 2396 gloriae
1137 2297 1425 2368 materia
1441 2348 1462 2383 ‚
1493 2299 1548 2369 si
1575 2314 2056 2392 spectaremur
2081 2301 2302 2402 aegri!
2336 2343 2410 2358 -
2435 2305 2600 2399 Ipse

676 2423 754 2479 te
772 2426 1047 2500 specta3
1072 2407 1221 2501 ipse
1248 2421 1319 2477 te
1354 2404 1597 2480 lauda!
1691 2432 1694 2439 ·

770 2518 1135 2589 Praeterea
1158 2515 1309 2587 duo
1338 2533 1505 2586 sunt
1527 2540 1782 2613 genera
1811 2524 2305 2618 voluptatum:
2333 2550 2594 2621 corpo-

670 2626 843 2695 rales
868 2625 1174 2695 'morbus
1228 2625 1551 2715 inhibet,
1592 2652 1744 2701 non
1782 2646 2022 2707 tamen
2047 2635 2280 2719 tollit3
2308 2637 2537 2707 immo
2563 2674 2601 2725 ,-

670 2731 726 2803 si
753 2754 1005 2803 verum
1040 2732 1394 2823 aestimes,
1437 2735 1704 2809 incitat.
1745 2740 1965 2839 Magis
1989 2742 2186 2814 iuvat
2223 2743 2472 2815 bibere
2503 2746 2590 2815 si-

668 2843 969 2915 tientem
983 2868 1006 2930 3
1046 2845 1302 2943 gratior
1324 2862 1426 2917 est
1453 2847 1782 2921 esurienti
1814 2852 2054 2937 cibus3
2099 2854 2468 2947 quidquid
2491 2880 2585 2928 ex

668 2953 1093 3027 abstinentia
1133 2956 1473 3053 contigit,
1508 2958 1780 3030 avidius
1814 2960 2186 3056 excipitur.
2235 2965 2388 3035 Illas
2415 2990 2584 3039 vero

665 3066 889 3137 animi
909 3066 1341 3161 voluptates,
1367 3092 1554 3161 quae
1578 3069 1874 3143 maiores
1897 3075 2372 3171 certioresque
2393 3096 2582 3167 sunt,

648 3160 1235 3250 'nemo‘medicus
1256 3203 1466 3278 aegro
1498 3197 1740 3277 negat3
1768 3181 1885 3253 has
1909 3188 2228 3279 quisquis
2256 3188 2580 3282 sequitur

668 3302 744 3359 et
781 3285 965 3357 bene
1007 3286 1377 3383 intelligit,
1428 3290 1669 3362 omnia
1711 3314 2048 3368 sensuum
2087 3298 2577 3374 blandimenta

666 3395 1084 3467 contemnit.
1116 3430 1190 3449 -
1248 3396 1321 3467 O
1372 3397 1730 3473 infelicem
1764 3407 2105 3502 aegrum!
2146 3448 2218 3461 —
2281 3406 2578 3513 Quare?

665 3505 839 3598 quia
875 3529 1028 3579 non
1068 3505 1242 3578 vino
1280 3508 1522 3581 nivem
1562 3511 1776 3585 diluit
1789 3540 1811 3599 ;
1861 3518 2031 3608 quia
2073 3538 2226 3588 non
2267 3517 2574 3614 rigorem

662 3616 977 3706 potionis
1014 3642 1177 3689 suae
1199 3670 1222 3707 ,
1262 3644 1481 3713 quam
1527 3622 1760 3715 capaci
1799 3628 2073 3720 scypho
2105 3628 2429 3717 miscuit,
2460 3654 2575 3702 re-

660 3740 881 3796 novat
912 3725 1127 3799 stacta
1171 3728 1456 3825 insuper
1495 3732 1715 3829 glacie
1733 3758 1754 3819 3
1803 3736 1974 3828 quia
2019 3758 2173 3809 non
2207 3755 2430 3810 ostrea
2465 3738 2572 3814 illi

660 3826 967 3905 Lucrina
988 3834 1064 3908 in
1102 3835 1250 3931 ipsa
1276 3862 1516 3911 mensa
1535 3840 1969 3935 aperiuntur
1986 3871 2012 3933 ς
2051 3845 2222 3943 quia
2255 3872 2412 3922 non
2435 3848 2572 3924 'cir-
