2809 4850
688 395 832 467 224
1045 365 1129 440 L.
1176 359 1633 438 ΑΝΝΑΕῙ
1682 329 2229 434 SENECAE

685 523 892 627 quod
933 543 1336 603 reverterer.
1401 523 1477 596 Si
1516 524 1653 596 hoc
1692 521 1897 596 sentis
1917 571 1940 609 ,
1982 521 2036 594 si
2076 521 2213 594 hoc
2249 518 2605 613 loqueris,

685 641 962 736 aliquid
992 638 1400 735 profectum
1436 653 1559 708 est.
1611 637 1808 708 Malo
1834 635 2145 733 ignoscas
2189 632 2345 704 otio
2388 655 2559 704 meo
2582 681 2607 720 ,

687 775 908 846 quam
935 747 1271 821 invideas.

783 861 1044 947 Otium
1069 907 1093 944 ‚
1125 853 1400 950 inquis,
1426 852 1689 926 Seneca
1708 903 1733 940 ,
1764 849 2225 934 commendas
2244 846 2485 920 mihi?
2514 849 2606 920 ad

684 971 1060 1072 Epiqureas
1071 991 1280 1040 voces
1303 966 1659 1038 dilaberis!
1691 1003 1763 1018 -
1795 964 2059 1035 Otium
2074 961 2207 1033 tibi
2224 945 2612 1032 commen·-
2640 995 2648 999 ·

689 1082 791 1154 do
806 1133 828 1169 ,
855 1081 931 1151 in
953 1104 1104 1173 quo
1131 1079 1396 1150 maiora
1420 1101 1573 1174 agas
1600 1091 1675 1148 et
1693 1075 2098 1170 pulchriora
2121 1121 2143 1160 ‚
2176 1096 2400 1166 quam
2422 1075 2611 1164 quae

687 1189 1058 1310 reliquisti.
1110 1188 1394 1260 Pulsate
1442 1185 1785 1279 superbas
1819 1182 2321 1278 potentiorum
2376 1181 2563 1252 fores
2582 1231 2605 1268 ,

690 1296 1045 1398 digerere
1026 1321 1103 1366 m
1127 1295 1402 1370 literam
1428 1319 1628 1367 senes
1654 1292 1908 1380 orbos,
1950 1291 2411 1385 plurimum'
2386 1313 2475 1362 m
2500 1291 2613 1362 fo-

689 1436 775 1484 ro
803 1431 1046 1504 posse,
1083 1407 1427 1478 invidiosa
1468 1395 1791 1500 potentia
1834 1427 1915 1474 ac
1944 1403 2177 1473 brevis
2208 1418 2347 1488 est3
2396 1417 2520 1487 et,
2558 1401 2612 1471 si
2656 1481 2661 1483 .

689 1543 944 1592 verum
991 1517 1312 1590 aestimes
1334 1566 1359 1604 ,
1405 1514 1709 1588 sordida.
1752 1513 1880 1584 Ille
1928 1535 2051 1583 me
2092 1512 2309 1610 gratia
2350 1511 2614 1582 forensi

688 1633 932 1729 longe
957 1627 1362 1702 antecedit·
1341 1677 1362 1712 ,
1439 1627 1561 1698 ille
1608 1623 1971 1730 stipendiis
2018 1621 2486 1713 militaribus,
2542 1637 2620 1693 et

693 1743 1012 1836 quaesita
1041 1763 1174 1834 per
1211 1741 1386 1812 haec
1420 1737 1845 1846 dignitate,
1840 1735 1961 1806 ille
1984 1735 2332 1807 clientum
2381 1731 2611 1804 turba.

697 1849 962 1948 [Cuius
1007 1847 1260 1919 turbae
1296 1871 1424 1940 par
1464 1869 1605 1918 esse
1640 1867 1794 1918 non
1820 1867 2108 1940 possum
2134 1891 2159 1929 ,
2197 1845 2357 1937 plus
2396 1833 2615 1916 habet

691 1959 970 2061 gratiae.
985 1956 1017 2058 ]
1044 1957 1164 2028 Est
1191 1957 1366 2028 tanti
1389 1955 1481 2028 ab
1512 1954 1929 2028 hominibus
1949 1955 2177 2026 vinci.
2160 1954 2193 2006 Ρ
2222 1953 2407 2050 dum
2432 1979 2475 2024 a
2498 1977 2613 2025 me

691 2069 982 2140 fortuna
1005 2068 1356 2138 vincatur!
1383 2065 1668 2138 Utinam
1688 2064 1987 2158 quidem
2005 2065 2145 2136 hoc
2160 2063 2615 2158 propositum

692 2175 898 2270 sequi
923 2175 1096 2247 olim
1115 2174 1354 2246 fuisset
1367 2175 1647 2251 animus
1670 2173 1803 2246 tibi
1826 2175 1844 2244 !
1875 2173 2147 2245 utinam
2174 2173 2267 2246 de
2283 2173 2431 2244 vita
2450 2171 2623 2245 bea·
2674 2214 2693 2222 -

693 2305 767 2359 ta
793 2287 1048 2356 nonin
1083 2299 1474 2376 conspectu
1520 2283 1773 2381 mortis
1804 2283 2205 2380 ageremus!
2244 2281 2389 2354 Sed
2416 2304 2617 2354 nunc

683 2387 998 2488 ·'quoque
1045 2392 1457 2463 moramur?
1516 2391 1745 2462 Multa
1780 2393 2005 2478 enim,
2052 2415 2239 2484 quae
2278 2415 2623 2485 superva-

695 2528 828 2575 cua
853 2528 994 2573 esse
1022 2519 1092 2572 et
1125 2503 1406 2573 inimica
1432 2501 1779 2573 credituri
1794 2504 2059 2575 fuimus
2086 2504 2381 2592 rationi,
2417 2528 2617 2576 nunc

697 2612 1176 2733 experientiae
1219 2611 1593 2684 credimus:
1652 2614 1885 2717 Quod
1924 2614 2145 2691 facere
2176 2614 2454 2701 solent,
2488 2614 2619 2707 qui

694 2714 910 2791 serius
933 2738 1206 2792 exeunt
1240 2737 1316 2792 et
1339 2722 1601 2796 volunt
1632 2737 1939 2816 tempus
1961 2725 2315 2795 celeritate
2343 2744 2647 2817 repara--

695 2856 821 2918 re,
861 2834 1080 2903 calcar
1114 2830 1497 2904 addamus!
1553 2834 1747 2906 Haec
1795 2853 1979 2906 aetas
2025 2835 2309 2929 optime
2328 2832 2498 2909 facit
2528 2833 2619 2904 ad

696 2940 875 3029 haee
923 2938 1197 3025 studia3
1244 2940 1386 3010 iam
1436 2940 1917 3033 despumavit3
1974 2942 2115 3014 iam
2163 2944 2334 3017 vitia
2367 2943 2619 3037 ‚primo

697 3046 974 3119 fervore
995 3044 1507 3121 adolescentiae
1526 3046 1883 3123 indomita
1909 3050 2217 3138 lassavit3
2245 3077 2397 3125 non
2424 3056 2621 3125 mul-

698 3173 860 3230 tum
893 3174 1252 3250 superest,
1293 3175 1377 3230 -ut
1416 3159 1837 3258 exstinguat.
1872 3202 1945 3217 --
1994 3162 2083 3233 Et
2116 3163 2456 3256 quando,
2507 3165 2621 3234 in·-

636 3286 907 3357 „qu1s,
939 3264 1072 3334 tibi
1107 3263 1428 3357 proderit
1467 3264 1699 3353 istud,
1753 3262 2021 3360 qnod
2004 3292 2081 3341 m
2122 3268 2341 3341 exitu
2364 3268 2619 3357 discis,

699 3373 926 3447 autin
955 3396 1176 3465 quam
1197 3372 1513 3444 rem3²—-
1564 3374 1647 3445 In
1676 3377 1903 3465 hanc,
1932 3395 2029 3450 ut
2034 3379 2285 3452 exear'n
2317 3378 2615 3451 melior!

701 3484 882 3557 Non
925 3500 1028 3555 est
1061 3498 1304 3555 tamen
1349 3481 1558 3577 quod
1610 3486 1992 3558 existimes
1988 3538 2015 3577 ,
2056 3490 2279 3559 ullam
2312 3505 2617 3561 aetatem

701 3596 1054 3688 aptiorem
1089 3616 1236 3685 esse
1255 3593 1348 3665 ad
1372 3594 1645 3665 bonam
1676 3616 1995 3667 mentem
2014 3648 2037 3685 ,
2076 3622 2299 3691 quiam
2314 3618 2525 3705 quae
2548 3624 2622 3673 se

703 3704 952 3779 multis
1003 3703 1505 3799 experimentis
1526 3754 1549 3791 ,
1594 3706 1805 3802 longa
1846 3730 1927 3779 ac
1966 3706 2323 3798 frequenti
2370 3731 2617 3782 rerum

705 3812 1082 3909 patientia,
1127 3814 1457 3905 domuin
1500 3840 1686 3913 quae
1728 3816 1823 3893 ad
1870 3818 2195 3895 salutaria
2212 3868 2239 3912 2
2284 3820 2621 3921 mitigatis
