<?xml version="1.0" encoding="UTF-8"?>
<!DOCTYPE html PUBLIC "-//W3C//DTD XHTML 1.0 Transitional//EN"
    "http://www.w3.org/TR/xhtml1/DTD/xhtml1-transitional.dtd">
<html xmlns="http://www.w3.org/1999/xhtml" xml:lang="en" lang="en">
 <head>
  <title>
</title>
<meta http-equiv="Content-Type" content="text/html;charset=utf-8" />
  <meta name='ocr-system' content='tesseract 3.04.00' />
  <meta name='ocr-capabilities' content='ocr_page ocr_carea ocr_par ocr_line ocrx_word'/>
</head>
<body>
  <div class='ocr_page' id='page_1' title='image "./lannaeisenecaea01bipogoog_0340.png"; bbox 0 0 2809 4850; ppageno 0'>
   <div class='ocr_carea' id='block_1_1' title="bbox 698 383 2248 514">
    <p class='ocr_par' dir='ltr' id='par_1_1' title="bbox 698 383 2248 514">
     <span class='ocr_line' id='line_1_1' title="bbox 698 383 2248 514; baseline -0.009 -24"><span class='ocrx_word' id='word_1_1' title='bbox 698 437 843 514; x_wconf 81' lang='lat'>330</span> <span class='ocrx_word' id='word_1_2' title='bbox 1056 405 1140 484; x_wconf 64' lang='lat'>1„</span> <span class='ocrx_word' id='word_1_3' title='bbox 1186 403 1653 482; x_wconf 76' lang='grc' dir='ltr'><strong>ΑΝΝΑΕῙ</strong></span> <span class='ocrx_word' id='word_1_4' title='bbox 1703 383 2248 478; x_wconf 71' lang='lat' dir='ltr'>SENECAE</span> 
     </span>
    </p>
   </div>
   <div class='ocr_carea' id='block_1_2' title="bbox 652 563 2620 2421">
    <p class='ocr_par' dir='ltr' id='par_1_2' title="bbox 694 563 2618 780">
     <span class='ocr_line' id='line_1_2' title="bbox 694 563 2618 661; baseline -0.006 -13"><span class='ocrx_word' id='word_1_5' title='bbox 694 573 925 648; x_wconf 84' lang='lat' dir='ltr'>modo</span> <span class='ocrx_word' id='word_1_6' title='bbox 950 585 1191 646; x_wconf 82' lang='lat' dir='ltr'>autem</span> <span class='ocrx_word' id='word_1_7' title='bbox 1232 567 1484 640; x_wconf 77' lang='lat' dir='ltr'>beatus</span> <span class='ocrx_word' id='word_1_8' title='bbox 1519 581 1662 654; x_wconf 71' lang='lat' dir='ltr'>est,</span> <span class='ocrx_word' id='word_1_9' title='bbox 1711 565 1846 660; x_wconf 86' lang='lat' dir='ltr'>qui</span> <span class='ocrx_word' id='word_1_10' title='bbox 1857 588 2152 661; x_wconf 39' lang='lat' dir='ltr'>*cupere</span> <span class='ocrx_word' id='word_1_11' title='bbox 2187 563 2618 642; x_wconf 77' lang='lat' dir='ltr'><strong>etiamnunc</strong></span> 
     </span>
     <span class='ocr_line' id='line_1_3' title="bbox 694 677 1688 780; baseline -0.003 -26"><span class='ocrx_word' id='word_1_12' title='bbox 694 699 969 780; x_wconf 81' lang='lat' dir='ltr'>potest,</span> <span class='ocrx_word' id='word_1_13' title='bbox 1004 682 1235 752; x_wconf 85' lang='lat' dir='ltr'>immo</span> <span class='ocrx_word' id='word_1_14' title='bbox 1260 680 1391 773; x_wconf 88' lang='lat' dir='ltr'>qui</span> <span class='ocrx_word' id='word_1_15' title='bbox 1419 677 1688 758; x_wconf 54' lang='lat' dir='ltr'>debet?</span> 
     </span>
    </p>

    <p class='ocr_par' dir='ltr' id='par_1_3' title="bbox 652 787 2620 2421">
     <span class='ocr_line' id='line_1_4' title="bbox 790 787 2614 886; baseline -0.005 -20"><span class='ocrx_word' id='word_1_16' title='bbox 790 793 1044 866; x_wconf 82' lang='lat' dir='ltr'>Dicam</span> <span class='ocrx_word' id='word_1_17' title='bbox 1074 791 1258 886; x_wconf 86' lang='lat' dir='ltr'>quid</span> <span class='ocrx_word' id='word_1_18' title='bbox 1280 791 1405 876; x_wconf 71' lang='lat' dir='ltr'>sit,</span> <span class='ocrx_word' id='word_1_19' title='bbox 1447 814 1544 860; x_wconf 83' lang='lat' dir='ltr'>ex</span> <span class='ocrx_word' id='word_1_20' title='bbox 1567 809 1738 882; x_wconf 88' lang='lat' dir='ltr'>quo</span> <span class='ocrx_word' id='word_1_21' title='bbox 1770 788 2014 860; x_wconf 83' lang='lat' dir='ltr'>veniat</span> <span class='ocrx_word' id='word_1_22' title='bbox 2052 787 2172 860; x_wconf 87' lang='lat' dir='ltr'>hic</span> <span class='ocrx_word' id='word_1_23' title='bbox 2205 811 2420 860; x_wconf 86' lang='lat' dir='ltr'>error.</span> <span class='ocrx_word' id='word_1_24' title='bbox 2461 787 2614 858; x_wconf 86' lang='lat' dir='ltr'>Ne-</span> 
     </span>
     <span class='ocr_line' id='line_1_5' title="bbox 690 899 2612 992; baseline -0.006 -14"><span class='ocrx_word' id='word_1_25' title='bbox 690 905 961 990; x_wconf 74' lang='lat' dir='ltr'>sciunt,</span> <span class='ocrx_word' id='word_1_26' title='bbox 1004 903 1289 974; x_wconf 82' lang='lat' dir='ltr'>Beatam</span> <span class='ocrx_word' id='word_1_27' title='bbox 1330 902 1581 974; x_wconf 86' lang='lat' dir='ltr'>Vitam</span> <span class='ocrx_word' id='word_1_28' title='bbox 1623 923 1842 972; x_wconf 85' lang='lat' dir='ltr'>unam</span> <span class='ocrx_word' id='word_1_29' title='bbox 1873 925 2036 972; x_wconf 75' lang='lat' dir='ltr'>esse.</span> <span class='ocrx_word' id='word_1_30' title='bbox 2075 899 2161 970; x_wconf 88' lang='lat' dir='ltr'>In</span> <span class='ocrx_word' id='word_1_31' title='bbox 2202 901 2491 992; x_wconf 84' lang='lat' dir='ltr'>optimo</span> <span class='ocrx_word' id='word_1_32' title='bbox 2526 900 2612 968; x_wconf 86' lang='lat' dir='ltr'>il·-</span> 
     </span>
     <span class='ocr_line' id='line_1_6' title="bbox 695 1008 2614 1108; baseline -0.004 -22"><span class='ocrx_word' id='word_1_33' title='bbox 695 1017 837 1086; x_wconf 82' lang='lat' dir='ltr'>lam</span> <span class='ocrx_word' id='word_1_34' title='bbox 862 1029 1049 1084; x_wconf 77' lang='lat' dir='ltr'>statu</span> <span class='ocrx_word' id='word_1_35' title='bbox 1072 1013 1289 1105; x_wconf 86' lang='lat' dir='ltr'>ponit</span> <span class='ocrx_word' id='word_1_36' title='bbox 1312 1012 1610 1106; x_wconf 80' lang='lat' dir='ltr'>qualitas</span> <span class='ocrx_word' id='word_1_37' title='bbox 1629 1031 1752 1082; x_wconf 69' lang='lat' dir='ltr'>sua</span> <span class='ocrx_word' id='word_1_38' title='bbox 1771 1062 1794 1099; x_wconf 88' lang='lat'>,</span> <span class='ocrx_word' id='word_1_39' title='bbox 1823 1033 1978 1082; x_wconf 86' lang='lat' dir='ltr'>non</span> <span class='ocrx_word' id='word_1_40' title='bbox 2005 1008 2454 1108; x_wconf 84' lang='lat' dir='ltr'>magnitudo.</span> <span class='ocrx_word' id='word_1_41' title='bbox 2479 1009 2614 1082; x_wconf 88' lang='lat' dir='ltr'>Ita·</span> 
     </span>
     <span class='ocr_line' id='line_1_7' title="bbox 696 1122 2613 1220; baseline -0.002 -24"><span class='ocrx_word' id='word_1_42' title='bbox 696 1127 953 1219; x_wconf 87' lang='lat' dir='ltr'>quein</span> <span class='ocrx_word' id='word_1_43' title='bbox 980 1147 1217 1216; x_wconf 84' lang='lat' dir='ltr'>aequo</span> <span class='ocrx_word' id='word_1_44' title='bbox 1240 1141 1344 1196; x_wconf 73' lang='lat' dir='ltr'>est</span> <span class='ocrx_word' id='word_1_45' title='bbox 1374 1127 1629 1220; x_wconf 75' lang='lat' dir='ltr'>longa,</span> <span class='ocrx_word' id='word_1_46' title='bbox 1659 1139 1732 1194; x_wconf 89' lang='lat' dir='ltr'>et</span> <span class='ocrx_word' id='word_1_47' title='bbox 1759 1123 2022 1207; x_wconf 82' lang='lat' dir='ltr'>brevis;</span> <span class='ocrx_word' id='word_1_48' title='bbox 2059 1122 2310 1194; x_wconf 78' lang='lat' dir='ltr'>diffusa</span> <span class='ocrx_word' id='word_1_49' title='bbox 2329 1175 2352 1210; x_wconf 86' lang='lat'>‚</span> <span class='ocrx_word' id='word_1_50' title='bbox 2383 1139 2460 1194; x_wconf 91' lang='lat' dir='ltr'>et</span> <span class='ocrx_word' id='word_1_51' title='bbox 2487 1145 2613 1193; x_wconf 84' lang='lat' dir='ltr'>an-</span> 
     </span>
     <span class='ocr_line' id='line_1_8' title="bbox 697 1231 2616 1334; baseline -0.002 -27"><span class='ocrx_word' id='word_1_52' title='bbox 697 1237 1007 1334; x_wconf 76' lang='lat' dir='ltr'>gusti013</span> <span class='ocrx_word' id='word_1_53' title='bbox 1051 1236 1127 1305; x_wconf 86' lang='lat' dir='ltr'>in</span> <span class='ocrx_word' id='word_1_54' title='bbox 1166 1237 1395 1307; x_wconf 84' lang='lat' dir='ltr'>multa</span> <span class='ocrx_word' id='word_1_55' title='bbox 1437 1238 1595 1308; x_wconf 79' lang='lat' dir='ltr'>loca</span> <span class='ocrx_word' id='word_1_56' title='bbox 1615 1283 1640 1322; x_wconf 84' lang='lat'><strong>,</strong></span> <span class='ocrx_word' id='word_1_57' title='bbox 1675 1234 2078 1326; x_wconf 75' lang='lat' dir='ltr'>multasque</span> <span class='ocrx_word' id='word_1_58' title='bbox 2109 1251 2344 1327; x_wconf 79' lang='lat' dir='ltr'>partes</span> <span class='ocrx_word' id='word_1_59' title='bbox 2387 1231 2616 1304; x_wconf 78' lang='lat' dir='ltr'>distri·-</span> 
     </span>
     <span class='ocr_line' id='line_1_9' title="bbox 700 1341 2615 1445; baseline -0.004 -27"><span class='ocrx_word' id='word_1_60' title='bbox 700 1347 877 1418; x_wconf 79' lang='lat' dir='ltr'>buta</span> <span class='ocrx_word' id='word_1_61' title='bbox 893 1393 916 1428; x_wconf 90' lang='lat'>‚</span> <span class='ocrx_word' id='word_1_62' title='bbox 938 1358 1011 1414; x_wconf 87' lang='lat' dir='ltr'>et</span> <span class='ocrx_word' id='word_1_63' title='bbox 1036 1344 1112 1414; x_wconf 90' lang='lat' dir='ltr'>in</span> <span class='ocrx_word' id='word_1_64' title='bbox 1138 1367 1367 1416; x_wconf 88' lang='lat' dir='ltr'>unum</span> <span class='ocrx_word' id='word_1_65' title='bbox 1388 1360 1644 1415; x_wconf 84' lang='lat' dir='ltr'>coacta.</span> <span class='ocrx_word' id='word_1_66' title='bbox 1687 1341 1838 1445; x_wconf 81' lang='lat' dir='ltr'>Qui</span> <span class='ocrx_word' id='word_1_67' title='bbox 1863 1343 2058 1414; x_wconf 78' lang='lat' dir='ltr'>illam</span> <span class='ocrx_word' id='word_1_68' title='bbox 2079 1365 2390 1415; x_wconf 86' lang='lat' dir='ltr'>numero</span> <span class='ocrx_word' id='word_1_69' title='bbox 2407 1341 2615 1413; x_wconf 66' lang='lat' dir='ltr'>nesti-⁶</span> 
     </span>
     <span class='ocr_line' id='line_1_10' title="bbox 652 1448 2610 1543; baseline -0.003 -17"><span class='ocrx_word' id='word_1_70' title='bbox 652 1491 661 1500; x_wconf 94' lang='lat'><strong>·</strong></span> <span class='ocrx_word' id='word_1_71' title='bbox 696 1472 885 1542; x_wconf 83' lang='lat' dir='ltr'>mat,</span> <span class='ocrx_word' id='word_1_72' title='bbox 928 1469 1001 1524; x_wconf 91' lang='lat' dir='ltr'>et</span> <span class='ocrx_word' id='word_1_73' title='bbox 1034 1477 1396 1540; x_wconf 77' lang='lat' dir='ltr'>mensura,</span> <span class='ocrx_word' id='word_1_74' title='bbox 1437 1468 1512 1524; x_wconf 87' lang='lat' dir='ltr'>et</span> <span class='ocrx_word' id='word_1_75' title='bbox 1548 1449 1902 1542; x_wconf 79' lang='lat' dir='ltr'>partibus3</span> <span class='ocrx_word' id='word_1_76' title='bbox 1953 1450 2036 1521; x_wconf 77' lang='lat' dir='ltr'>id</span> <span class='ocrx_word' id='word_1_77' title='bbox 2067 1449 2208 1536; x_wconf 80' lang='lat' dir='ltr'>illi,</span> <span class='ocrx_word' id='word_1_78' title='bbox 2253 1448 2466 1543; x_wconf 85' lang='lat' dir='ltr'>quod</span> <span class='ocrx_word' id='word_1_79' title='bbox 2489 1448 2610 1520; x_wconf 84' lang='lat' dir='ltr'>ha-</span> 
     </span>
     <span class='ocr_line' id='line_1_11' title="bbox 696 1559 2610 1664; baseline -0.005 -27"><span class='ocrx_word' id='word_1_80' title='bbox 696 1565 827 1636; x_wconf 82' lang='lat' dir='ltr'>bet</span> <span class='ocrx_word' id='word_1_81' title='bbox 852 1560 1199 1634; x_wconf 84' lang='lat' dir='ltr'>eximium</span> <span class='ocrx_word' id='word_1_82' title='bbox 1216 1611 1239 1647; x_wconf 91' lang='lat'><strong>,</strong></span> <span class='ocrx_word' id='word_1_83' title='bbox 1264 1559 1494 1654; x_wconf 82' lang='lat' dir='ltr'>eripit.</span> <span class='ocrx_word' id='word_1_84' title='bbox 1535 1559 2011 1664; x_wconf 75' lang='lat' dir='ltr'>Quidautem</span> <span class='ocrx_word' id='word_1_85' title='bbox 2039 1559 2245 1630; x_wconf 84' lang='lat' dir='ltr'>estin</span> <span class='ocrx_word' id='word_1_86' title='bbox 2272 1559 2484 1630; x_wconf 83' lang='lat' dir='ltr'>beata</span> <span class='ocrx_word' id='word_1_87' title='bbox 2509 1559 2610 1628; x_wconf 84' lang='lat' dir='ltr'>vi-</span> 
     </span>
     <span class='ocr_line' id='line_1_12' title="bbox 696 1666 2608 1763; baseline -0.003 -17"><span class='ocrx_word' id='word_1_88' title='bbox 696 1688 771 1746; x_wconf 80' lang='lat' dir='ltr'>ta</span> <span class='ocrx_word' id='word_1_89' title='bbox 820 1670 1223 1744; x_wconf 82' lang='lat' dir='ltr'>eximium?</span> <span class='ocrx_word' id='word_1_90' title='bbox 1276 1667 1486 1763; x_wconf 84' lang='lat' dir='ltr'><strong>quod</strong></span> <span class='ocrx_word' id='word_1_91' title='bbox 1528 1671 1740 1763; x_wconf 75' lang='lat' dir='ltr'>plena</span> <span class='ocrx_word' id='word_1_92' title='bbox 1797 1687 1918 1741; x_wconf 81' lang='lat' dir='ltr'>est.</span> <span class='ocrx_word' id='word_1_93' title='bbox 1979 1666 2206 1757; x_wconf 78' lang='lat' dir='ltr'>Finis,</span> <span class='ocrx_word' id='word_1_94' title='bbox 2259 1685 2346 1739; x_wconf 88' lang='lat' dir='ltr'>ut</span> <span class='ocrx_word' id='word_1_95' title='bbox 2385 1687 2608 1763; x_wconf 86' lang='lat' dir='ltr'>puto,</span> 
     </span>
     <span class='ocr_line' id='line_1_13' title="bbox 700 1777 2612 1873; baseline -0.003 -19"><span class='ocrx_word' id='word_1_96' title='bbox 700 1779 965 1854; x_wconf 83' lang='lat' dir='ltr'>edendi</span> <span class='ocrx_word' id='word_1_97' title='bbox 998 1777 1448 1873; x_wconf 80' lang='lat' dir='ltr'><strong>bibendique</strong></span> <span class='ocrx_word' id='word_1_98' title='bbox 1473 1778 1744 1850; x_wconf 80' lang='lat' dir='ltr'>satietas</span> <span class='ocrx_word' id='word_1_99' title='bbox 1777 1795 1900 1850; x_wconf 71' lang='lat' dir='ltr'>est.</span> <span class='ocrx_word' id='word_1_100' title='bbox 1941 1777 2078 1848; x_wconf 89' lang='lat' dir='ltr'>Hic</span> <span class='ocrx_word' id='word_1_101' title='bbox 2107 1780 2270 1871; x_wconf 80' lang='lat' dir='ltr'><strong>plus</strong></span> <span class='ocrx_word' id='word_1_102' title='bbox 2299 1777 2458 1848; x_wconf 89' lang='lat' dir='ltr'>edit</span> <span class='ocrx_word' id='word_1_103' title='bbox 2479 1829 2505 1865; x_wconf 86' lang='lat'>‚</span> <span class='ocrx_word' id='word_1_104' title='bbox 2529 1778 2612 1848; x_wconf 85' lang='lat' dir='ltr'>il·-</span> 
     </span>
     <span class='ocr_line' id='line_1_14' title="bbox 700 1889 2610 1986; baseline -0.001 -23"><span class='ocrx_word' id='word_1_105' title='bbox 700 1893 773 1963; x_wconf 87' lang='lat' dir='ltr'>le</span> <span class='ocrx_word' id='word_1_106' title='bbox 806 1894 1077 1979; x_wconf 48' lang='lat' dir='ltr'>minum</span> <span class='ocrx_word' id='word_1_107' title='bbox 1112 1890 1294 1986; x_wconf 86' lang='lat' dir='ltr'>quid</span> <span class='ocrx_word' id='word_1_108' title='bbox 1322 1890 1535 1964; x_wconf 81' lang='lat' dir='ltr'>refert</span> <span class='ocrx_word' id='word_1_109' title='bbox 1552 1892 1586 1962; x_wconf 72' lang='grc' dir='ltr'>ξ’</span> <span class='ocrx_word' id='word_1_110' title='bbox 1615 1907 1917 1983; x_wconf 83' lang='lat' dir='ltr'>uterque</span> <span class='ocrx_word' id='word_1_111' title='bbox 1939 1889 2080 1962; x_wconf 86' lang='lat' dir='ltr'>iam</span> <span class='ocrx_word' id='word_1_112' title='bbox 2107 1906 2296 1962; x_wconf 84' lang='lat' dir='ltr'>satur</span> <span class='ocrx_word' id='word_1_113' title='bbox 2325 1907 2464 1962; x_wconf 80' lang='lat' dir='ltr'>est:</span> <span class='ocrx_word' id='word_1_114' title='bbox 2497 1889 2610 1962; x_wconf 85' lang='lat' dir='ltr'>hic</span> 
     </span>
     <span class='ocr_line' id='line_1_15' title="bbox 702 1999 2610 2096; baseline -0.001 -26"><span class='ocrx_word' id='word_1_115' title='bbox 702 2003 863 2096; x_wconf 77' lang='lat' dir='ltr'><strong>plus</strong></span> <span class='ocrx_word' id='word_1_116' title='bbox 898 2001 1125 2089; x_wconf 87' lang='lat' dir='ltr'>bibit,</span> <span class='ocrx_word' id='word_1_117' title='bbox 1154 2002 1271 2072; x_wconf 90' lang='lat' dir='ltr'>ille</span> <span class='ocrx_word' id='word_1_118' title='bbox 1297 2000 1569 2086; x_wconf 62' lang='lat' dir='ltr'>minim</span> <span class='ocrx_word' id='word_1_119' title='bbox 1615 1999 1796 2092; x_wconf 82' lang='lat' dir='ltr'>quid</span> <span class='ocrx_word' id='word_1_120' title='bbox 1819 1999 2030 2070; x_wconf 83' lang='lat' dir='ltr'>refert</span> <span class='ocrx_word' id='word_1_121' title='bbox 2048 1999 2082 2069; x_wconf 70' lang='grc' dir='ltr'><strong><em>Ρ</em></strong></span> <span class='ocrx_word' id='word_1_122' title='bbox 2117 2015 2430 2092; x_wconf 85' lang='lat' dir='ltr'>uterque</span> <span class='ocrx_word' id='word_1_123' title='bbox 2461 2021 2610 2070; x_wconf 82' lang='lat' dir='ltr'>non</span> 
     </span>
     <span class='ocr_line' id='line_1_16' title="bbox 702 2106 2610 2202; baseline -0.001 -24"><span class='ocrx_word' id='word_1_124' title='bbox 702 2108 896 2180; x_wconf 71' lang='lat' dir='ltr'>sitit:</span> <span class='ocrx_word' id='word_1_125' title='bbox 936 2110 1049 2182; x_wconf 88' lang='lat' dir='ltr'>hic</span> <span class='ocrx_word' id='word_1_126' title='bbox 1086 2107 1414 2202; x_wconf 73' lang='lat' dir='ltr'>pluribus</span> <span class='ocrx_word' id='word_1_127' title='bbox 1453 2108 1653 2178; x_wconf 80' lang='lat' dir='ltr'>annis</span> <span class='ocrx_word' id='word_1_128' title='bbox 1695 2106 1915 2194; x_wconf 82' lang='lat' dir='ltr'>vixit,</span> <span class='ocrx_word' id='word_1_129' title='bbox 1957 2107 2076 2180; x_wconf 87' lang='lat' dir='ltr'>bie</span> <span class='ocrx_word' id='word_1_130' title='bbox 2126 2107 2610 2202; x_wconf 47' lang='lat' dir='ltr'>paucioribus„</span> 
     </span>
     <span class='ocr_line' id='line_1_17' title="bbox 704 2217 2615 2306; baseline -0.001 -16"><span class='ocrx_word' id='word_1_131' title='bbox 704 2219 889 2290; x_wconf 84' lang='lat' dir='ltr'>nihil</span> <span class='ocrx_word' id='word_1_132' title='bbox 912 2217 1207 2290; x_wconf 83' lang='lat' dir='ltr'>interest</span> <span class='ocrx_word' id='word_1_133' title='bbox 1225 2269 1252 2306; x_wconf 88' lang='lat'><strong>,</strong></span> <span class='ocrx_word' id='word_1_134' title='bbox 1276 2218 1504 2292; x_wconf 81' lang='lat' dir='ltr'>sitam</span> <span class='ocrx_word' id='word_1_135' title='bbox 1527 2219 1734 2293; x_wconf 84' lang='lat' dir='ltr'>illum</span> <span class='ocrx_word' id='word_1_136' title='bbox 1763 2219 1978 2290; x_wconf 84' lang='lat' dir='ltr'>multi</span> <span class='ocrx_word' id='word_1_137' title='bbox 1997 2218 2168 2290; x_wconf 86' lang='lat' dir='ltr'>anni</span> <span class='ocrx_word' id='word_1_138' title='bbox 2197 2219 2496 2293; x_wconf 81' lang='lat' dir='ltr'>beatum</span> <span class='ocrx_word' id='word_1_139' title='bbox 2519 2217 2615 2290; x_wconf 86' lang='lat' dir='ltr'>fe·</span> 
     </span>
     <span class='ocr_line' id='line_1_18' title="bbox 704 2325 2620 2421; baseline -0.001 -23"><span class='ocrx_word' id='word_1_140' title='bbox 704 2343 999 2413; x_wconf 84' lang='lat' dir='ltr'>cerunt,</span> <span class='ocrx_word' id='word_1_141' title='bbox 1044 2350 1263 2419; x_wconf 83' lang='lat' dir='ltr'>quam</span> <span class='ocrx_word' id='word_1_142' title='bbox 1288 2325 1498 2400; x_wconf 78' lang='lat' dir='ltr'>&#39;hunc</span> <span class='ocrx_word' id='word_1_143' title='bbox 1533 2328 1765 2421; x_wconf 76' lang='lat' dir='ltr'>pauci.</span> <span class='ocrx_word' id='word_1_144' title='bbox 1802 2326 1966 2416; x_wconf 89' lang='lat' dir='ltr'>Ille,</span> <span class='ocrx_word' id='word_1_145' title='bbox 2009 2351 2236 2421; x_wconf 85' lang='lat' dir='ltr'>quem</span> <span class='ocrx_word' id='word_1_146' title='bbox 2275 2343 2358 2400; x_wconf 88' lang='lat' dir='ltr'>tu</span> <span class='ocrx_word' id='word_1_147' title='bbox 2387 2327 2620 2399; x_wconf 68' lang='lat' dir='ltr'>minus</span> 
     </span>
    </p>
   </div>
   <div class='ocr_carea' id='block_1_3' title="bbox 706 2434 2618 2615">
    <p class='ocr_par' dir='ltr' id='par_1_4' title="bbox 706 2434 2618 2615">
     <span class='ocr_line' id='line_1_19' title="bbox 708 2434 2618 2539; baseline 0.003 -34"><span class='ocrx_word' id='word_1_148' title='bbox 708 2434 1005 2507; x_wconf 82' lang='lat' dir='ltr'>beatum</span> <span class='ocrx_word' id='word_1_149' title='bbox 1050 2458 1289 2539; x_wconf 71' lang='lat' dir='ltr'>vocas,</span> <span class='ocrx_word' id='word_1_150' title='bbox 1332 2458 1488 2507; x_wconf 88' lang='lat' dir='ltr'>non</span> <span class='ocrx_word' id='word_1_151' title='bbox 1529 2450 1634 2507; x_wconf 88' lang='lat' dir='ltr'>est</span> <span class='ocrx_word' id='word_1_152' title='bbox 1677 2435 1964 2509; x_wconf 77' lang='lat' dir='ltr'>beatus:</span> <span class='ocrx_word' id='word_1_153' title='bbox 2013 2458 2168 2509; x_wconf 83' lang='lat' dir='ltr'>non</span> <span class='ocrx_word' id='word_1_154' title='bbox 2206 2453 2481 2532; x_wconf 76' lang='lat' dir='ltr'>potest</span> <span class='ocrx_word' id='word_1_155' title='bbox 2487 2460 2618 2510; x_wconf 83' lang='lat' dir='ltr'>no·</span> 
     </span>
     <span class='ocr_line' id='line_1_20' title="bbox 706 2544 1263 2615; baseline -0.002 -2"><span class='ocrx_word' id='word_1_156' title='bbox 706 2566 881 2615; x_wconf 72' lang='lat' dir='ltr'>men</span> <span class='ocrx_word' id='word_1_157' title='bbox 906 2544 1263 2615; x_wconf 71' lang='lat' dir='ltr'>lmmlssui.</span> 
     </span>
    </p>
   </div>
   <div class='ocr_carea' id='block_1_4' title="bbox 712 2650 2629 3837">
    <p class='ocr_par' dir='ltr' id='par_1_5' title="bbox 712 2650 2629 3837">
     <span class='ocr_line' id='line_1_21' title="bbox 840 2650 2616 2777; baseline 0.003 -54"><span class='ocrx_word' id='word_1_158' title='bbox 840 2650 983 2777; x_wconf 58' lang='grc' dir='ltr'>ριίἰ</span> <span class='ocrx_word' id='word_1_159' title='bbox 1005 2650 1221 2751; x_wconf 80' lang='lat' dir='ltr'>sortis</span> <span class='ocrx_word' id='word_1_160' title='bbox 1260 2670 1403 2731; x_wconf 77' lang='lat' dir='ltr'>ese.</span> <span class='ocrx_word' id='word_1_161' title='bbox 1441 2658 1582 2729; x_wconf 83' lang='lat' dir='ltr'>sine</span> <span class='ocrx_word' id='word_1_162' title='bbox 1629 2661 1858 2729; x_wconf 81' lang='lat' dir='ltr'>timore</span> <span class='ocrx_word' id='word_1_163' title='bbox 1891 2675 2028 2731; x_wconf 78' lang='lat' dir='ltr'>est.-</span> <span class='ocrx_word' id='word_1_164' title='bbox 2065 2661 2176 2755; x_wconf 82' lang='lat' dir='ltr'>qui</span> <span class='ocrx_word' id='word_1_165' title='bbox 2213 2660 2358 2733; x_wconf 80' lang='lat' dir='ltr'>sine</span> <span class='ocrx_word' id='word_1_166' title='bbox 2399 2661 2616 2731; x_wconf 78' lang='lat' dir='ltr'>timore</span> 
     </span>
     <span class='ocr_line' id='line_1_22' title="bbox 712 2763 2618 2863; baseline 0.003 -30"><span class='ocrx_word' id='word_1_167' title='bbox 712 2778 845 2836; x_wconf 79' lang='lat' dir='ltr'>est.</span> <span class='ocrx_word' id='word_1_168' title='bbox 874 2763 1013 2831; x_wconf 84' lang='lat' dir='ltr'>sine</span> <span class='ocrx_word' id='word_1_169' title='bbox 1062 2764 1337 2836; x_wconf 75' lang='lat' dir='ltr'>tristitia</span> <span class='ocrx_word' id='word_1_170' title='bbox 1374 2783 1528 2839; x_wconf 65' lang='lat' dir='ltr'>esu</span> <span class='ocrx_word' id='word_1_171' title='bbox 1577 2770 1690 2863; x_wconf 81' lang='lat' dir='ltr'>qui</span> <span class='ocrx_word' id='word_1_172' title='bbox 1733 2770 1872 2841; x_wconf 82' lang='lat' dir='ltr'>sine</span> <span class='ocrx_word' id='word_1_173' title='bbox 1903 2772 2179 2839; x_wconf 81' lang='lat' dir='ltr'>tristitia</span> <span class='ocrx_word' id='word_1_174' title='bbox 2215 2787 2346 2845; x_wconf 77' lang='lat' dir='ltr'>est.</span> <span class='ocrx_word' id='word_1_175' title='bbox 2401 2770 2618 2841; x_wconf 78' lang='lat' dir='ltr'>beatus</span> 
     </span>
     <span class='ocr_line' id='line_1_23' title="bbox 716 2872 2618 2973; baseline 0.003 -30"><span class='ocrx_word' id='word_1_176' title='bbox 716 2891 834 2943; x_wconf 80' lang='lat' dir='ltr'>est.</span> <span class='ocrx_word' id='word_1_177' title='bbox 882 2872 1315 2945; x_wconf 77' lang='lat' dir='ltr'>Nostrorum</span> <span class='ocrx_word' id='word_1_178' title='bbox 1360 2874 1534 2946; x_wconf 82' lang='lat' dir='ltr'>haec</span> <span class='ocrx_word' id='word_1_179' title='bbox 1575 2876 2033 2973; x_wconf 86' lang='lat' dir='ltr'>interrogatio</span> <span class='ocrx_word' id='word_1_180' title='bbox 2085 2893 2208 2948; x_wconf 82' lang='lat' dir='ltr'>est.</span> <span class='ocrx_word' id='word_1_181' title='bbox 2263 2876 2618 2949; x_wconf 76' lang='lat' dir='ltr'>Adversus</span> 
     </span>
     <span class='ocr_line' id='line_1_24' title="bbox 714 2980 2623 3081; baseline 0.002 -28"><span class='ocrx_word' id='word_1_182' title='bbox 714 2981 897 3053; x_wconf 86' lang='lat' dir='ltr'>hanc</span> <span class='ocrx_word' id='word_1_183' title='bbox 928 2982 1024 3051; x_wconf 82' lang='lat' dir='ltr'>sic</span> <span class='ocrx_word' id='word_1_184' title='bbox 1054 2980 1482 3073; x_wconf 82' lang='lat' dir='ltr'>respondere</span> <span class='ocrx_word' id='word_1_185' title='bbox 1519 3003 1900 3055; x_wconf 84' lang='lat' dir='ltr'>conantur:</span> <span class='ocrx_word' id='word_1_186' title='bbox 1926 2985 2188 3081; x_wconf 83' lang='lat' dir='ltr'>falsam</span> <span class='ocrx_word' id='word_1_187' title='bbox 2235 3012 2352 3057; x_wconf 84' lang='lat' dir='ltr'>nos</span> <span class='ocrx_word' id='word_1_188' title='bbox 2389 3010 2527 3057; x_wconf 78' lang='lat' dir='ltr'>rem</span> <span class='ocrx_word' id='word_1_189' title='bbox 2563 3002 2623 3057; x_wconf 79' lang='lat' dir='ltr'>et</span> 
     </span>
     <span class='ocr_line' id='line_1_25' title="bbox 718 3092 2625 3193; baseline 0.003 -34"><span class='ocrx_word' id='word_1_190' title='bbox 718 3092 1277 3163; x_wconf 78' lang='lat' dir='ltr'>controversiosam</span> <span class='ocrx_word' id='word_1_191' title='bbox 1289 3115 1412 3189; x_wconf 84' lang='lat' dir='ltr'>pro</span> <span class='ocrx_word' id='word_1_192' title='bbox 1437 3092 1728 3190; x_wconf 80' lang='lat' dir='ltr'>confessa</span> <span class='ocrx_word' id='word_1_193' title='bbox 1751 3092 2080 3165; x_wconf 67' lang='lat' dir='ltr'>vindicare</span> <span class='ocrx_word' id='word_1_194' title='bbox 2093 3120 2122 3167; x_wconf 83' lang='grc'>.·</span> <span class='ocrx_word' id='word_1_195' title='bbox 2145 3120 2289 3165; x_wconf 83' lang='lat' dir='ltr'>eum</span> <span class='ocrx_word' id='word_1_196' title='bbox 2302 3147 2326 3170; x_wconf 82' lang='lat'><strong>.</strong></span> <span class='ocrx_word' id='word_1_197' title='bbox 2353 3094 2625 3193; x_wconf 80' lang='lat' dir='ltr'>quifor-</span> 
     </span>
     <span class='ocr_line' id='line_1_26' title="bbox 722 3200 2626 3309; baseline 0.004 -41"><span class='ocrx_word' id='word_1_198' title='bbox 722 3200 807 3269; x_wconf 79' lang='lat' dir='ltr'>tis</span> <span class='ocrx_word' id='word_1_199' title='bbox 830 3216 965 3274; x_wconf 79' lang='lat' dir='ltr'>est.</span> <span class='ocrx_word' id='word_1_200' title='bbox 988 3202 1127 3270; x_wconf 80' lang='lat' dir='ltr'>sine</span> <span class='ocrx_word' id='word_1_201' title='bbox 1155 3204 1381 3283; x_wconf 65' lang='lat' dir='ltr'>timore</span> <span class='ocrx_word' id='word_1_202' title='bbox 1417 3226 1570 3275; x_wconf 78' lang='lat' dir='ltr'>esse.</span> <span class='ocrx_word' id='word_1_203' title='bbox 1619 3202 1823 3309; x_wconf 77' lang='lat' dir='ltr'>Quid</span> <span class='ocrx_word' id='word_1_204' title='bbox 1853 3205 2073 3301; x_wconf 82' lang='lat' dir='ltr'>ergo?</span> <span class='ocrx_word' id='word_1_205' title='bbox 2106 3206 2385 3298; x_wconf 85' lang='lat' dir='ltr'>inquit,</span> <span class='ocrx_word' id='word_1_206' title='bbox 2427 3205 2626 3277; x_wconf 79' lang='lat' dir='ltr'>fortis</span> 
     </span>
     <span class='ocr_line' id='line_1_27' title="bbox 720 3307 2626 3387; baseline 0.004 -10"><span class='ocrx_word' id='word_1_207' title='bbox 720 3307 1139 3379; x_wconf 84' lang='lat' dir='ltr'>inminentia</span> <span class='ocrx_word' id='word_1_208' title='bbox 1195 3311 1383 3381; x_wconf 77' lang='lat' dir='ltr'>mala</span> <span class='ocrx_word' id='word_1_209' title='bbox 1429 3334 1582 3381; x_wconf 87' lang='lat' dir='ltr'>non</span> <span class='ocrx_word' id='word_1_210' title='bbox 1635 3311 1926 3385; x_wconf 72' lang='lat' dir='ltr'>timebit</span> <span class='ocrx_word' id='word_1_211' title='bbox 1943 3314 1988 3384; x_wconf 70' lang='grc' dir='ltr'>ἓ.</span> <span class='ocrx_word' id='word_1_212' title='bbox 2033 3314 2226 3387; x_wconf 85' lang='lat' dir='ltr'>istud</span> <span class='ocrx_word' id='word_1_213' title='bbox 2269 3314 2626 3385; x_wconf 77' lang='lat' dir='ltr'>dementis</span> 
     </span>
     <span class='ocr_line' id='line_1_28' title="bbox 719 3416 2626 3518; baseline 0.006 -33"><span class='ocrx_word' id='word_1_214' title='bbox 719 3416 1187 3509; x_wconf 82' lang='lat' dir='ltr'>alienatique,</span> <span class='ocrx_word' id='word_1_215' title='bbox 1242 3441 1397 3491; x_wconf 86' lang='lat' dir='ltr'>non</span> <span class='ocrx_word' id='word_1_216' title='bbox 1448 3418 1684 3507; x_wconf 65' lang='lat' dir='ltr'>fortiS,</span> <span class='ocrx_word' id='word_1_217' title='bbox 1733 3438 1855 3493; x_wconf 80' lang='lat' dir='ltr'>est.</span> <span class='ocrx_word' id='word_1_218' title='bbox 1899 3422 2029 3493; x_wconf 88' lang='lat' dir='ltr'>Ille</span> <span class='ocrx_word' id='word_1_219' title='bbox 2077 3446 2246 3495; x_wconf 80' lang='lat' dir='ltr'>vero</span> <span class='ocrx_word' id='word_1_220' title='bbox 2267 3474 2292 3511; x_wconf 92' lang='lat'>,</span> <span class='ocrx_word' id='word_1_221' title='bbox 2335 3423 2626 3518; x_wconf 85' lang='lat' dir='ltr'>inquit,</span> 
     </span>
     <span class='ocr_line' id='line_1_29' title="bbox 724 3524 2627 3617; baseline 0.006 -22"><span class='ocrx_word' id='word_1_222' title='bbox 724 3524 1279 3599; x_wconf 77' lang='lat' dir='ltr'>moderatissime</span> <span class='ocrx_word' id='word_1_223' title='bbox 1304 3529 1520 3599; x_wconf 84' lang='lat' dir='ltr'>timet</span> <span class='ocrx_word' id='word_1_224' title='bbox 1534 3555 1558 3616; x_wconf 83' lang='lat'><em>3</em></span> <span class='ocrx_word' id='word_1_225' title='bbox 1591 3528 1716 3601; x_wconf 80' lang='lat' dir='ltr'>sed</span> <span class='ocrx_word' id='word_1_226' title='bbox 1737 3530 1814 3601; x_wconf 83' lang='lat' dir='ltr'>in</span> <span class='ocrx_word' id='word_1_227' title='bbox 1845 3545 2084 3611; x_wconf 84' lang='lat' dir='ltr'>totum</span> <span class='ocrx_word' id='word_1_228' title='bbox 2111 3548 2312 3617; x_wconf 69' lang='lat' dir='ltr'>extra</span> <span class='ocrx_word' id='word_1_229' title='bbox 2341 3549 2627 3605; x_wconf 86' lang='lat' dir='ltr'>metum</span> 
     </span>
     <span class='ocr_line' id='line_1_30' title="bbox 724 3639 2628 3745; baseline 0.006 -39"><span class='ocrx_word' id='word_1_230' title='bbox 724 3658 875 3707; x_wconf 86' lang='lat' dir='ltr'>non</span> <span class='ocrx_word' id='word_1_231' title='bbox 904 3653 1024 3709; x_wconf 72' lang='lat' dir='ltr'>est.</span> <span class='ocrx_word' id='word_1_232' title='bbox 1058 3676 1141 3699; x_wconf 75' lang='lat'>-‚</span> <span class='ocrx_word' id='word_1_233' title='bbox 1186 3640 1341 3745; x_wconf 79' lang='lat' dir='ltr'>Qui</span> <span class='ocrx_word' id='word_1_234' title='bbox 1366 3639 1538 3715; x_wconf 81' lang='lat' dir='ltr'>haec</span> <span class='ocrx_word' id='word_1_235' title='bbox 1560 3640 1830 3715; x_wconf 86' lang='lat' dir='ltr'>-dicunt</span> <span class='ocrx_word' id='word_1_236' title='bbox 1849 3692 1874 3729; x_wconf 93' lang='lat'><strong>,</strong></span> <span class='ocrx_word' id='word_1_237' title='bbox 1907 3648 2137 3715; x_wconf 76' lang='lat' dir='ltr'>rursus</span> <span class='ocrx_word' id='word_1_238' title='bbox 2171 3645 2249 3715; x_wconf 84' lang='lat' dir='ltr'>in</span> <span class='ocrx_word' id='word_1_239' title='bbox 2291 3643 2490 3717; x_wconf 85' lang='lat' dir='ltr'>idem</span> <span class='ocrx_word' id='word_1_240' title='bbox 2519 3669 2628 3717; x_wconf 86' lang='lat' dir='ltr'>re-</span> 
     </span>
     <span class='ocr_line' id='line_1_31' title="bbox 722 3745 2629 3837; baseline 0.006 -25"><span class='ocrx_word' id='word_1_241' title='bbox 722 3745 1155 3837; x_wconf 61' lang='lat' dir='ltr'>volvuntur,</span> <span class='ocrx_word' id='word_1_242' title='bbox 1191 3764 1275 3821; x_wconf 87' lang='lat' dir='ltr'>ut</span> <span class='ocrx_word' id='word_1_243' title='bbox 1302 3750 1434 3823; x_wconf 77' lang='lat' dir='ltr'>illis</span> <span class='ocrx_word' id='word_1_244' title='bbox 1464 3750 1816 3825; x_wconf 83' lang='lat' dir='ltr'>virtutum</span> <span class='ocrx_word' id='word_1_245' title='bbox 1845 3754 2008 3829; x_wconf 85' lang='lat' dir='ltr'>loco</span> <span class='ocrx_word' id='word_1_246' title='bbox 2045 3752 2186 3829; x_wconf 74' lang='lat' dir='ltr'>sint</span> <span class='ocrx_word' id='word_1_247' title='bbox 2219 3754 2503 3827; x_wconf 80' lang='lat' dir='ltr'>minora</span> <span class='ocrx_word' id='word_1_248' title='bbox 2526 3755 2629 3828; x_wconf 79' lang='lat' dir='ltr'>vi·-</span> 
     </span>
    </p>
   </div>
   <div class='ocr_carea' id='block_1_5' title="bbox 731 3852 2630 3973">
    <p class='ocr_par' dir='ltr' id='par_1_6' title="bbox 731 3852 2630 3973">
     <span class='ocr_line' id='line_1_32' title="bbox 731 3852 2630 3973; baseline 0.009 -49"><span class='ocrx_word' id='word_1_249' title='bbox 731 3852 845 3925; x_wconf 80' lang='lat' dir='ltr'>tia.</span> <span class='ocrx_word' id='word_1_250' title='bbox 878 3855 1065 3929; x_wconf 84' lang='lat' dir='ltr'>Nam</span> <span class='ocrx_word' id='word_1_251' title='bbox 1088 3860 1219 3957; x_wconf 76' lang='lat' dir='ltr'>qui</span> <span class='ocrx_word' id='word_1_252' title='bbox 1236 3860 1450 3939; x_wconf 84' lang='lat' dir='ltr'>timet</span> <span class='ocrx_word' id='word_1_253' title='bbox 1481 3862 1780 3957; x_wconf 81' lang='lat' dir='ltr'>quidem</span> <span class='ocrx_word' id='word_1_254' title='bbox 1803 3910 1828 3956; x_wconf 89' lang='lat'>‚</span> <span class='ocrx_word' id='word_1_255' title='bbox 1863 3862 1988 3973; x_wconf 76' lang='lat' dir='ltr'>sed</span> <span class='ocrx_word' id='word_1_256' title='bbox 2011 3864 2228 3947; x_wconf 77' lang='lat' dir='ltr'>rarius</span> <span class='ocrx_word' id='word_1_257' title='bbox 2251 3879 2328 3940; x_wconf 86' lang='lat' dir='ltr'>et</span> <span class='ocrx_word' id='word_1_258' title='bbox 2350 3865 2630 3956; x_wconf 76' lang='lat' dir='ltr'>minus,</span> 
     </span>
    </p>
   </div>
   <div class='ocr_carea' id='block_1_6' title="bbox 2766 1579 2776 2318">
    <p class='ocr_par' dir='ltr' id='par_1_7' title="bbox 2766 1579 2776 2318">
     <span class='ocr_line' id='line_1_33' title="bbox 2766 1579 2776 2318; baseline 0 0"><span class='ocrx_word' id='word_1_259' title='bbox 2766 1579 2776 2318; x_wconf 95' lang='lat' dir='ltr'> </span> 
     </span>
    </p>
   </div>
   <div class='ocr_carea' id='block_1_7' title="bbox 2762 2848 2774 3830">
    <p class='ocr_par' dir='ltr' id='par_1_8' title="bbox 2762 2848 2774 3830">
     <span class='ocr_line' id='line_1_34' title="bbox 2762 2848 2774 3830; baseline 0 0"><span class='ocrx_word' id='word_1_260' title='bbox 2762 2848 2774 3830; x_wconf 95' lang='lat' dir='ltr'> </span> 
     </span>
    </p>
   </div>
  </div>
 </body>
</html>
