2809 4850
442 411 1253 493 EPISTOLA
1336 415 1840 492 Lxxxrx.
1957 425 2100 521 367

158 593 335 651 rum
377 593 709 652 naturam
756 591 1147 656 scrutatum
1196 577 1401 648 tertia
1445 577 2098 680 proprietatesover*

156 690 443 788 borum
470 688 718 785 exigit,
744 705 816 758 et
842 701 1293 773 structuram,
1322 703 1393 757 et
1417 687 2096 784 argumentationeS,

155 824 259 872 ne
278 825 423 895 pro
440 823 610 872 vero
628 797 791 870 falsa
808 789 1213 890 subrepant.
1245 795 1584 868 Ceterum
1609 795 1884 870 inventi
1903 817 2094 889 sunt,

158 929 237 985 et
264 913 404 1004 qui
430 911 509 982 in
534 909 872 1004 ,pauciora
904 905 1427 1001 philosophiam
1453 956 1477 996 ,
1529 924 1603 979 et
1631 909 1858 1001 quiin
1888 913 2094 1004 plura

156 1016 621 1111 diducerent.
642 1015 963 1121 Quidam
982 1039 1073 1086 ex
1091 1015 1566 1109 Peripateticis
1588 1031 1911 1108 quartam
1935 1044 2096 1114 par.

153 1148 315 1204 tem
360 1130 811 1214 adiecerunt,
868 1125 1176 1199 Civilem:
1218 1126 1387 1220 quia
1425 1128 1786 1250 propriam
1831 1151 2094 1222 quarn⁴

153 1241 335 1314 dam
372 1239 957 1312 exercitationem
981 1235 1368 1323 desideret,
1396 1254 1468 1306 et
1498 1236 1678 1308 circa
1704 1237 1912 1310 aliam
1937 1263 2090 1312 rna·

154 1350 421 1421 teriam
448 1363 789 1442 occupata
819 1347 927 1416 sit.
969 1343 1289 1450 Quidam
1328 1344 1748 1441 adiecerunt
1782 1346 1886 1418 his
1928 1372 2090 1441 par-
2128 1377 2139 1385 ·

98 1475 313 1558 tem
343 1510 369 1547 ,
432 1481 655 1551 quam
708 1453 952 1526 Graeci
1008 1443 1426 1538 οἰκονομικὴν
1427 1469 1710 1542 vocant
1730 1503 1754 1544 ,
1815 1456 2094 1528 admini-

153 1571 479 1646 strandae
502 1567 975 1667 reifamiliaris
998 1567 1357 1636 scientiam,
1408 1563 1732 1668 Quidam
1763 1582 1838 1636 et
1875 1567 1950 1637 de
1963 1593 2090 1662 ge·
2161 1627 2166 1635 ,

154 1682 429 1755 neribus
448 1681 621 1751 vitae
645 1677 891 1748 locum
914 1687 1439 1768 separaverunt.
1470 1671 1676 1746 Nihil
1697 1692 1942 1746 autem
1959 1678 2094 1750 ho·

151 1815 327 1864 rum
363 1789 623 1860 nonin
645 1787 763 1856 illa
792 1805 993 1878 parte
1022 1784 1275 1857 Morali
1300 1805 1454 1855 non
1468 1781 1884 1877 reperietur.
1913 1771 2090 1882 Epi-

150 1899 359 1973 cure!
398 1898 574 1970 duas
608 1915 839 1991 partes
878 1893 1369 1990 philosophiae
1420 1909 1856 1986 putaverunt
1898 1920 2040 1968 esse
2061 1893 2117 1986 ,⁸

152 2011 537 2084 naturalem
558 2023 778 2100 atque
796 2004 1103 2076 moralem
1118 2028 1145 2075 ‚·
1164 1998 1582 2073 rationalem
1595 2022 2085 2078 removerunt.

156 2117 495 2206 Deinde,
530 2121 767 2210 quum
810 2114 973 2207 ipsis
1020 2111 1233 2184 rebus
1284 2125 1710 2208 cogerentur
1749 2111 2090 2212 ambigua

38 2247 43 2254 ·
152 2247 562 2310 secernere,
594 2221 757 2292 falsa
778 2222 913 2292 sub
932 2219 1163 2312 specie
1184 2218 1333 2290 veri
1358 2218 1646 2288 latentia
1677 2241 2084 2318 coarguere,

154 2331 293 2429 ipsi
324 2355 633 2427 quoque
660 2332 939 2416 locum,
980 2350 1201 2420 quem
1225 2327 1299 2398 de
1324 2325 1570 2420 Iudicio
1601 2344 1664 2398 ec
1687 2329 1941 2422 Regula
1964 2329 2088 2402 ad·

153 2446 478 2538 pellant,
510 2442 650 2513 alio
690 2440 988 2516 nomine
1006 2439 1424 2509 rationalem
1452 2436 1936 2527 induxerunt3
1961 2440 2086 2511 sed

154 2580 337 2629 eum
366 2554 833 2626 accessionem
876 2574 1017 2625 esse
1045 2550 1374 2623 naturalis
1401 2548 1614 2642 partis
1655 2551 2084 2625 existimant.

155 2661 539 2758 Cyrenaici
564 2661 905 2731 naturalia
932 2684 1099 2732 cum
1116 2658 1579 2731 rationalibus
1617 2662 2084 2754 sustulerunt,
2132 2652 2138 2663 ⁸

156 2790 235 2844 et
274 2768 609 2841 contenti
650 2767 947 2839 fuerunt
986 2766 1408 2839 Moralibust
1455 2766 1580 2837 sed
1615 2766 1692 2835 hi
1735 2793 2038 2863 quoque
2060 2826 2082 2860 ,

153 2902 353 2975 quae
376 2894 780 2975 removent,
804 2877 1002 2947 aliter
1024 2875 1408 2948 inducunt.
1432 2873 1514 2945 In
1535 2874 1868 2967 quinque
1887 2876 2084 2953 enim
2161 2954 2172 2971 x

152 3004 395 3083 partes
426 2985 719 3058 Moralia
749 2983 1126 3071 dividunt3
1172 3003 1255 3053 ut
1285 3006 1430 3053 una
1463 2982 1550 3050 sit
1576 2980 1666 3052 de
1697 2980 1753 3051 F
1759 2984 2088 3079 ugiendis

156 3115 234 3169 et
276 3092 758 3191 Expetendis,
821 3094 1038 3165 altera
1088 3092 1181 3165 de
1226 3087 1692 3179 AdfectibuS,
1743 3094 1945 3165 tertia
1991 3094 2084 3167 de

153 3206 631 3293 Actionibus,
669 3224 920 3301 quarta
970 3206 1065 3277 de
1107 3203 1385 3289 Causis,
1420 3202 1670 3295 quinta
1715 3202 1807 3274 de
1850 3205 2083 3303 Argu-

154 3320 439 3392 mentis.
480 3318 744 3413 Causae
764 3342 1007 3391 rerum
1044 3340 1138 3387 ex
1162 3316 1466 3387 naturali
1499 3330 1696 3409 parte
1719 3332 1892 3387 sunt
1909 3343 1932 3405 3
1977 3342 2082 3391 ar·

156 3425 529 3525 gumenta'
549 3452 643 3499 ex
670 3427 1031 3513 rationali3
1076 3426 1387 3497 actiones
1433 3448 1526 3495 ex
1571 3424 1842 3497 morali.
1895 3426 2082 3499 Alu-

162 3558 377 3613 S'ron
422 3540 643 3611 Ghius
664 3590 690 3627 ,
711 3565 851 3613 non
896 3556 1153 3611 tantum
1186 3552 1616 3637 supervacuas
1641 3561 1808 3613 esse,
1853 3537 2038 3611 dixit
2057 3586 2098 3625 r

158 3652 529 3721 naturalem
556 3667 623 3721 et
646 3650 1063 3725 rationalem,
1102 3649 1217 3721 sed
1238 3649 1438 3720 etiam
1464 3650 1829 3717 contrarias
1846 3675 1870 3717 .-
1903 3630 2080 3721 'rno-

158 3758 759 3851 talem-quoque,
794 3780 1013 3851 quarn
1055 3759 1274 3829 solam
1315 3756 1742 3847 reliquerat,
1781 3757 2082 3833 circum·

160 3865 360 3939 cidit.
403 3866 589 3965 Nam
616 3886 787 3939 eum
818 3868 1061 3939 locum
1079 3916 1107 3956 ,
1150 3864 1684 3967 quitMoniciones
1707 3865 2034 3943 continet
2051 3906 2090 3957 ,ι
