2809 4850
1423 201 1434 242 l
1499 236 1504 240 .

344 372 407 444 E
452 371 511 444 P
558 372 599 444 1
642 369 691 446 s
738 371 819 448 T..
860 374 935 446 o
981 376 1049 490 L·
1090 373 1155 448 A
1224 375 1718 462 Lxxx1v.
1867 415 2010 493 ³²3-

96 549 209 607 tur
233 534 455 608 tibiae
470 563 491 623 ;
508 521 961 634 ¹singulorum
984 537 1125 611 illic
1152 543 1377 618 latent
1400 564 1610 619 voces
1625 599 1644 632 ‚
1669 552 2014 626 omnium

95 647 451 748 adpassent.
477 648 589 718 De
606 649 825 719 choto
843 637 1029 740 dico,
1060 675 1283 742 quem
1306 670 1571 748 veteres
1592 657 2017 752 philosophi»

96 775 451 830 noverant.
486 757 571 828 In
600 760 1215 836 commissionibus
1257 765 1506 836 nostris
1547 768 1706 859 plus
1751 788 2004 842 canto..

94 890 249 939 rum
276 882 377 938 est
396 917 418 953 ‚
454 889 670 958 quam
700 867 775 936 in
798 868 1085 940 theatris
1110 871 1285 940 olim
1312 888 1792 966 spectatorum
1827 877 1999 956 fuit:

98 1001 319 1072 quum
344 1003 615 1050 omnes
661 980 801 1050 vias
843 979 1041 1052 ordo
1072 984 1486 1056 canentium
1529 985 1885 1080 inplevit,
1931 1007 2016 1070 et.

96 1111 291 1159 cavea
330 1089 823 1160 aeneatoribus
864 1090 1092 1162 cincta
1117 1112 1259 1178 est,
1296 1111 1369 1164 et
1410 1117 1500 1164 ex
1529 1096 1819 1189 pulpito
1845 1124 2004 1171 om·

97 1222 180 1268 ne
205 1197 541 1272 tibiarum
570 1221 793 1294 genus
834 1223 1412 1297 organorumque
1453 1207 1880 1295 consonuit,
1919 1208 2006 1284 fit

98 1323 477 1378 concentus
527 1331 620 1376 ex
657 1305 963 1378 dissonis,
1006 1309 1257 1380 Talem
1307 1309 1631 1380 animum
1680 1335 1820 1383 esse
1865 1311 2004 1386 no-

96 1433 298 1509 strum
330 1417 543 1506 volo,
582 1420 675 1488 ¹'ut
700 1419 971 1489 multae
1000 1418 1077 1489 in
1102 1419 1235 1512 *illo
1274 1439 1454 1490 artes
1479 1469 1502 1507 ,
1539 1423 1765 1504 multa
1796 1446 2001 1516 prae·-

98 1546 283 1624 cepta
320 1529 506 1618 sint,
556 1519 953 1601 multarum
990 1543 1306 1602 aetatum
1336 1532 1668 1626 exempla
1689 1583 1714 1622 ,
1761 1535 2016 1609 sed-in·

96 1663 311 1710 unum
332 1637 751 1734 conspirata.

135 1789 144 1808 ·
180 1747 625 1854 Quomodo,
665 1749 935 1842 inquis,
982 1750 1123 1821 hoc
1159 1749 1336 1824 effici
1364 1741 1680 1844 poterit?
1720 1793 1792 1804 -—
1844 1751 2000 1824 Ad·-

96 1858 770 1945 sidua-intentione3
818 1858 874 1928 si
910 1857 1091 1928 nihil
1126 1860 1517 1956 egerimus,
1562 1861 1693 1932 nisi
1722 1862 2001 1933 ratione

94 1970 447 2042 suadente.
504 1971 713 2042 Hanc
760 1970 815 2042 si
866 1970 1111 2043 audire
1156 1972 1464 2042 volueris
1486 2023 1509 2059 ,
1566 1973 1758 2044 dicet
1816 1973 1994 2044 tibi:

93 2127 137 2167 „
158 2079 519 2173 Relinque
539 2080 667 2150 ista
706 2077 1136 2150 iamdudum
1156 2129 1177 2164 ,
1206 2079 1298 2149 ad
1324 2103 1510 2172 quae
1537 2079 1948 2174 discutritur
1977 2081 1996 2152 Ξ

95 2189 410 2281 relinque
450 2187 771 2275 divitias,
816 2203 941 2260 aut
988 2188 1389 2282 periculum
1436 2188 1948 2281 possidentium
1971 2249 2000 2287 ¹,
2056 2181 2068 2188 ¹

97 2315 213 2367 aut
232 2298 443 2368 onus!
474 2299 803 2392 relinque
830 2296 1141 2388 corporis
1168 2315 1390 2388 atque
1409 2296 1636 2372 animi,
1665 2300 2004 2390 volupta-

101 2406 225 2475 tes!
282 2404 626 2479 molliunt
672 2421 746 2477 et
792 2421 1169 2477 enervant:
1217 2397 1551 2498 relinque
1591 2404 1992 2480 ambitum!

104 2515 362 2591 tumida
390 2528 499 2588 res
532 2532 633 2587 est
652 2566 675 2602 ‚
705 2519 880 2592 Vana
898 2566 921 2603 ‚
948 2532 1274 2601 ventosa3
1310 2517 1598 2617 nullum
1627 2515 1846 2585 habet
1865 2533 2004 2595 ter-2

104 2626 367 2697 minum
384 2624 584 2712 {tam
606 2625 897 2697 sollicita
931 2644 1031 2697 est
1056 2633 1399 2719 hequem
1423 2644 1586 2697 ante
1612 2652 1685 2713 se
1715 2625 1998 2716 videat,

106 2756 305 2823 quarn
348 2756 448 2809 ne,
472 2750 636 2825 post
668 2758 739 2803 se
766 2728 1023 2819 alium'3
1071 2736 1343 2805 laborat
1358 2728 1674 2821 invidia,
1731 2752 1802 2806 et
1829 2737 2006 2829 qui-,

106 2842 253 2913 dem
282 2840 591 2935 duplici:
638 2841 839 2913 vides
862 2857 1101 2913 autern
1122 2893 1145 2927 ‚
1176 2866 1392 2933 quam
1422 2847 1634 2921 miser,
1660 2848 1784 2929 sit,
1814 2844 1869 2913 si
1896 2843 1996 2932 is,

103 2955 201 3021 cui
239 2952 645 3040 invidetur,
688 2950 986 3024 invidet.
1052 2950 1349 3023 Intueris
1390 2951 1536 3023 illas
1575 2951 1996 3044 potentium

106 3061 343 3133 domos
360 3114 383 3149 ,
411 3064 529 3133 illa
552 3063 1169 3143 tumultuosaexixa
1206 3060 1662 3147 salutantium
1693 3060 1940 3147 limina
1957 3062 1998 3135 ἓ.

103 3171 405 3244 multum
436 3168 706 3247 habent
729 3162 1329 3242 contumeliarum
1353 3220 1373 3255 ‚
1413 3170 1772 3257 utintlfes3
1811 3171 1999 3263 plus,

106 3301 319 3369 quum
345 3279 729 3355 intraveris·
770 3279 1077 3351 Praeteri
1104 3280 1268 3349 istos
1292 3279 1548 3377 gradus
1571 3277 1882 3351 divitum
1921 3294 1997 3367 et

106 3388 665 3487 magnoadgestu
703 3412 1029 3483 suspensa
1064 3390 1445 3473 vestibula:
1491 3388 1752 3461 nonin
1791 3412 1997 3484 prae·

104 3514 302 3591 rupto
328 3516 612 3569 tantum
644 3498 796 3570 istic
820 3497 1027 3576 stabis
1045 3549 1068 3585 ,
1096 3498 1218 3567 sed
1240 3497 1319 3569 in
1344 3492 1642 3569 lubrico.
1666 3498 1834 3571 Huc
1859 3524 1998 3592 po·-

105 3603 229 3674 tius
266 3623 376 3695 te,
416 3607 507 3679 ad
552 3604 985 3703 Sapientiam
1007 3656 1032 3694 ‚
1064 3608 1321 3703 dirige3
1368 3602 1999 3698 tranquillissimas-

106 3735 239 3805 que
260 3738 362 3789 res
386 3718 577 3803 eius,
627 3732 700 3788 et
731 3718 943 3787 simul
977 3716 1431 3809 amplissimas
1454 3767 1474 3802 ‚
1514 3731 1681 3809 pete
1703 3717 1732 3805 Ξ1
1761 3718 2016 3825 Quae-

108 3844 405 3922 cumque
456 3827 791 3904 videntur
849 3815 1159 3913 eminere
1220 3825 1302 3902 in
1358 3824 1572 3907 rebus
1630 3826 1995 3935 humani&
2077 3900 2084 3905 .
