2809 4850
12 3992 22 4291 ῑ

12 4486 33 4727 t

553 318 617 392 E
654 317 721 389 Ρ
769 317 808 388 1
852 311 901 386 s
944 315 1028 388 -T
1070 317 1147 388 o
1198 319 1261 390 L
1310 316 1373 390 A
1445 275 1918 394 xxxul(
2041 337 2177 421 305

240 481 443 567 lei-³4
476 492 553 550 et
590 473 848 549 evade!
902 460 1175 568 perduc
1213 476 1403 564 tein
1443 489 1722 562 tutum3
1771 492 1846 548 et
1877 475 2186 550 subinde

252 587 625 664 considera
646 635 673 676 ,
712 609 932 680 quam
958 589 1259 680 pulchra
1296 612 1402 659 res
1431 587 1519 658 sit
1553 609 2050 660 consummare
2075 589 2186 660 vi-

246 718 403 772 tam
454 716 625 768 ante
662 713 1012 784 mortem,
1073 695 1341 769 deinde
1376 714 1802 790 exspectare
1846 719 2184 770 securum

244 807 612 898 reliquam
642 805 984 897 temporis
1000 803 1110 876 sui
1138 821 1416 898 partem
1433 856 1456 893 ,
1495 804 1707 876 inniti
1729 804 1862 876 sibi
1882 855 1902 891 ‚
1925 805 1998 874 in
2025 829 2186 898 pos·

244 913 559 986 sessione
586 913 835 986 beatae
866 915 1051 986 vitae
1084 915 1442 1017 positom3
1491 939 1678 1008 quae
1717 913 1994 986 beatior
2027 937 2180 987 non

249 1025 381 1112 fit,
424 1025 479 1096 si
507 1023 810 1123 longior.
864 1023 941 1122 Q
966 1025 1262 1118 quan'do
1289 1026 1563 1105 videbis
1603 1027 1790 1096 illud
1840 1041 2124 1118 tempus
2145 1073 2172 1114 ‚

256 1157 410 1228 quo
440 1134 609 1204 scies
644 1153 931 1226 tempus
968 1133 1059 1206 ad
1085 1152 1159 1206 te
1186 1159 1337 1206 non
1372 1136 1766 1229 pertinere!
1813 1154 1966 1225 quo
1985 1149 2183 1205 tran·

254 1243 525 1334 quillus
553 1244 1023 1338 placidusque
1052 1248 1209 1332 eris,
1256 1262 1327 1315 et
1354 1247 1632 1316 crastini
1666 1245 2062 1340 negligens,
2107 1257 2183 1312 et

250 1351 329 1420 in
354 1375 635 1422 summa
663 1353 768 1424 tui
799 1352 1150 1424 satietate!
1191 1353 1315 1424 Vis
1342 1356 1514 1425 scire
1535 1403 1565 1442 ,
1589 1344 1768 1446 quid
1795 1353 1930 1439 sit,
1974 1347 2182 1442 quod

248 1461 459 1532 faciat
482 1461 815 1534 hemines
837 1463 1081 1534 avidos
1114 1463 1395 1536 futuri?
1425 1465 1666 1536 Nemo
1695 1462 1844 1536 sibi
1837 1460 2176 1558 contigit.

252 1571 717 1664 Optaverunt
740 1569 1001 1666 utique
1022 1567 1176 1644 tibi
1188 1574 1320 1646 alia
1346 1590 1670 1667 parentes
1693 1571 1844 1642 tui·
1883 1571 2010 1642 sed
2039 1595 2180 1668 ego

250 1695 547 1768 contra,
600 1679 933 1752 omnium
968 1679 1099 1752 tibi
1142 1704 1395 1756 eorum
1442 1693 1902 1754 contemtum
1946 1695 2126 1770 opto
2149 1723 2177 1767 ‚

256 1813 574 1882 quotum
592 1789 701 1860 illi
728 1791 1037 1882 copiam.
1073 1790 1255 1862 Vota
1281 1791 1570 1862 illorum
1602 1791 1872 1860 multos
1897 1788 2182 1880 compi-

252 1901 409 1970 lant
428 1948 453 1986 ,
498 1915 581 1970 ut
604 1915 679 1970 te
707 1899 1189 1990 locupletent:
1233 1894 1616 1992 'quidquid
1649 1897 1744 1970 ad
1785 1917 1860 1972 te
1888 1893 2182 1968 transfe-

248 2020 455 2095 runt,
486 2007 699 2080 alicui
722 2007 1257 2081 detrahendum
1274 2023 1397 2082 est.
1426 2009 1634 2104 Opto
1663 2009 1794 2082 tibi
1822 2009 1931 2082 tui
1957 2005 2178 2078 facul-

250 2132 517 2203 tatem,
559 2131 643 2190 ut
676 2117 865 2214 vagis
902 2119 1456 2216 cogitationibus
1487 2119 1744 2218 agitata
1787 2143 1988 2192 mens
2016 2136 2179 2189 tan-

252 2225 423 2299 dem
448 2226 751 2314 resistat,
771 2242 845 2298 et
872 2246 1061 2300 certa
1080 2229 1166 2300 sit
1179 2257 1201 2316 3
1238 2245 1322 2301 ut
1348 2231 1618 2324 placeat
1641 2227 1774 2299 sibi
1789 2245 1908 2317 ,et
1921 2274 1946 2315 ,
1970 2229 2180 2300 intel·

134 2344 141 2352 '
246 2337 449 2408 lectis
486 2338 668 2408 veris
707 2337 917 2410 bonis
960 2341 988 2435 (
1008 2365 1195 2435 quae
1220 2393 1243 2431 ,
1292 2341 1508 2414 simul
1552 2339 1914 2414 intellecta
1942 2355 2176 2428 sum,

184 2444 215 2469 “⁸
246 2445 745 2541 possidemus)
768 2451 1007 2521 aetatis
1032 2448 1436 2521 adiectione
1461 2471 1614 2519 non
1643 2463 1860 2545 egeat.
1883 2444 2012 2519 lue
2041 2446 2176 2519 de·-

246 2580 457 2627 mum
492 2558 933 2633 necessitates
956 2580 1434 2655 supergressus
1463 2576 1607 2646 est,
1647 2576 1722 2629 et
1755 2573 2176 2631 exauctora-

248 2681 362 2739 tus
382 2688 465 2737 ac
484 2665 670 2741 libet
687 2718 709 2755 ,
738 2667 869 2761 qui
897 2664 1075 2742 vivit
1102 2668 1247 2741 vita
1279 2681 1572 2761 petacta.
1598 2664 1802 2739 Vale.
1997 2687 2005 2694 ’

628 2818 1283 2951 ΕΡῙΒΤΟᾛΑ
1349 2856 1784 2929 xxxm.

250 2992 411 3063 Negti
424 2993 709 3049 sententias
728 3005 816 3045 aut
832 2991 997 3045 chrias
1014 3010 1045 3045 e
1062 2989 1249 3043 Stoicis
1268 2988 1622 3056 excerpenda-s.
1649 2985 1902 3051 Primum,
1917 2984 2034 3056 quis
2049 3004 2130 3041 om
2141 3012 2172 3031 υ

276 3098 281 3105 ·
378 3073 465 3123 nia
486 3074 636 3140 plena
658 3071 839 3125 talibus
858 3084 911 3124 et
933 3070 1088 3123 densa
1116 3082 1265 3122 sunt:
1291 3068 1470 3121 deinde
1491 3068 1609 3136 quia
1634 3080 1814 3134 turpe,
1845 3084 1962 3118 cum
1983 3078 2167 3121 aucto·

378 3166 436 3205 te
460 3164 663 3223 semper
678 3150 843 3220 loqui.
877 3148 1067 3203 Nostra
1084 3146 1350 3213 fodiamus,
1368 3161 1424 3202 et
1440 3148 1549 3201 vita
1570 3144 1930 3215 praesen-amus.

630 3280 993 3355 SENECA
1012 3278 1272 3351 Lu‘cilio
1310 3304 1422 3349 suo
1467 3278 1780 3353 Salutem.

247 3384 791 3518 DESIDERAS
834 3441 940 3513 his
968 3464 1269 3535 quoque
1302 3442 1660 3537 epistolis,
1693 3410 1876 3512 sicut
1917 3436 2178 3533 priori·

248 3557 417 3641 bus,
452 3556 751 3628 adscribi
784 3557 1051 3648 aliquas
1088 3580 1295 3631 voces
1327 3572 1736 3628 nostrorum
1764 3574 2168 3672 procerum.

262 3698 339 3717 ·--
380 3660 564 3757 Non
612 3662 913 3735 fixerunt
948 3663 1127 3735 circa
1178 3661 1512 3735 flosculos
1555 3659 1921 3753 occupati3
1973 3673 2170 3731 totus

245 3788 633 3849 contextus
659 3776 951 3849 filorum
974 3773 1189 3849 virilis
1216 3790 1354 3846 est:
1397 3769 1976 3865 inaequalitatem
1997 3771 2164 3843 scias
