2809 4850
418 395 1231 474 EPISTOLA
1304 397 2098 509 LXXXV11.34·7

136 560 316 653 phis
352 555 709 659 feruntur.
756 558 1010 637 Adiice
1036 589 1270 654 nunc,
1303 569 1508 660 quod
1530 571 1995 670 sacrilegium,
2034 577 2098 646 si

138 669 476 740 omnino
506 695 595 742 ex
620 673 857 764 aliqua
880 692 1079 767 parte
1109 676 1387 746 bonum
1430 693 1571 767 est,
1616 679 1828 751 etiam
1859 684 2096 756 hone-

134 791 349 848 stum
378 781 545 868 erit,
568 793 641 852 et
664 798 855 854 recte
878 783 1147 856 factum
1174 787 1592 874 vocabum-3
1629 807 1883 863 nostra
1893 794 2092 868 enim

136 885 341 956 actio
379 905 527 958 est·
573 889 779 981 quod
812 893 1077 964 nullius
1110 896 1520 967 mortalium
1553 898 1888 994 cogitatio
1913 901 2094 974 reci-

132 993 273 1088 pit.
311 995 513 1093 Ergo
556 998 749 1069 bona
776 1003 961 1070 nasci
1004 1022 1095 1072 ex
1126 1005 1319 1072 malo
1346 1025 1498 1076 non
1539 1022 1853 1099 possunt.
1901 1007 2087 1083 Nam

133 1105 237 1191 si,
278 1121 369 1176 ut
414 1107 695 1195 dicitis,
737 1108 835 1178 ob
870 1109 1009 1180 hoc
1052 1123 1283 1182 ‘unum
1324 1112 1762 1210 sacrilegium
1811 1118 2088 1190 malum

133 1228 283 1300 est,
325 1215 511 1306 quia
557 1218 873 1286 multum
916 1218 1084 1288 mali
1130 1217 1397 1305 adfert3
1449 1219 1524 1288 si
1551 1205 1946 1294 remiseritis
1983 1225 2089 1296 illi
2149 1279 2154 1284 -

132 1323 543 1416 supplicia,
594 1325 648 1394 si
685 1326 1129 1396 securitatem
1176 1327 1700 1420 spoponderitis
1725 1379 1748 1416 ,
1801 1354 1891 1400 ex
1923 1349 2087 1402 toto

131 1432 438 1504 bonum
494 1435 640 1504 erit.
688 1431 930 1527 Atqui
971 1436 1374 1507 maximum
1415 1440 1760 1510 sceletum
1811 1437 2088 1534 suppli-

131 1543 337 1616 cium
372 1547 458 1616 in
499 1545 662 1639 ipsis
688 1561 809 1616 est.
852 1545 1083 1634 Erras,
1112 1548 1480 1640 inquam‚-
1507 1549 1562 1617 si
1585 1547 1702 1619 illa
1735 1547 1826 1618 a‘d
1855 1553 2084 1622 carnia

133 1656 351 1727 ficem
380 1671 520 1726 aut
561 1656 657 1727 ad
700 1668 1046 1728 carcerem
1090 1655 1357 1732 differs:
1400 1649 1634 1728 statim
1671 1659 2080 1759 puniuntur

130 1763 594 1858 quum-facta
618 1784 785 1836 sunt
804 1817 827 1853 ,
858 1765 1085 1858 immo
1114 1766 1296 1838 dum
1318 1767 1526 1839 fiunt.
1566 1767 1740 1839 Non
1771 1769 2080 1842 nascitut

131 1873 387 1967 itaque
414 1899 515 1946 ex
544 1877 733 1946 malo
760 1874 1083 1962 bonum,
1124 1862 1283 1947 ‘non
1322 1875 1583 1972 magia,
1631 1899 1852 1968 quam
1903 1877 2080 1951 ficus

130 2007 221 2053 ex
246 1986 437 2055 olea.
479 1983 597 2054 Ad
628 2009 872 2056 semen
905 2003 1067 2058 nata
1094 1985 1580 2080 respondentt
1637 1985 1830 2056 bona
1859 1985 2080 2086 dege-

128 2115 381 2165 nerare
431 2119 595 2165 non
637 2109 950 2188 possunt.
1014 2093 1668 2200 Quemadmodum
1722 2117 1816 2166 ex
1871 2097 2070 2190 turpi

129 2203 531 2277 honestum
564 2221 718 2276 non
755 2205 1095 2292 nascitur,
1139 2205 1237 2274 ita
1274 2227 1369 2275 ne
1414 2227 1504 2274 ex
1533 2205 1722 2275 malo
1763 2205 2072 2298 quidem

133 2313 476 2387 bdnumz
522 2337 691 2387 nam
728 2315 923 2386 idem
965 2332 1066 2401 eet
1091 2316 1476 2387 honestum
1525 2335 1597 2387 et
1642 2314 1948 2389 bonum.
1985 2350 2068 2374 -ι

90 2486 94 2489 .
138 2426 473 2531 Quidam
508 2449 601 2496 ex
640 2426 890 2496 nostris
921 2424 1251 2495 adversus
1276 2423 1416 2495 hoe
1458 2423 1552 2495 sic
1591 2424 2066 2518 respondent·

135 2536 457 2609 Putemus
467 2539 807 2639 pecuniam
836 2533 1059 2609 bonum
1080 2563 1247 2613 esse.
1248 2536 1721 2633 undecumque
1743 2555 2070 2611 sumtum:

138 2666 260 2713 non
298 2639 521 2715 tamen
554 2643 689 2714 ideo
725 2670 807 2716 ex
826 2646 1169 2739 sacrilegio
1189 2647 1467 2742 pecunia
1498 2662 1638 2721 est,
1685 2648 1880 2718 etiam
1905 2650 1964 2715 si
1985 2666 2076 2719 ex

134 2754 489 2847 sacrilegio
519 2754 821 2823 sumitur.
868 2754 1033 2823 Hoc
1064 2754 1160 2823 sic
1192 2754 1536 2853 intellige.
1564 2754 1646 2821 In
1673 2754 1922 2825 eadem
1949 2779 2070 2825 ur-

134 2884 224 2931 na
249 2874 329 2932 et
358 2881 619 2933 aurum
648 2878 791 2948 est,
822 2877 895 2932 et
922 2851 1201 2955 vipera·
1242 2862 1295 2929 si
1323 2882 1580 2931 aurum
1603 2884 1694 2931 ex
1724 2884 1898 2930 urna
1925 2883 2070 2931 sus·
2139 2918 2148 2930 .

130 2970 421 3059 tuleris,
469 2972 638 3064 quia
680 2968 824 3043 illic
869 2988 941 3043 et
983 2973 1220 3065 vipera
1280 2987 1425 3057 est,
1491 2992 1643 3039 non
1697 2968 1862 3041 ideo
1911 2972 2071 3064 (in-
2123 2954 2189 3031 ⁹*

136 3082 409 3173 quam)
452 3080 630 3151 mihi
672 3104 851 3151 urna
890 3084 1145 3151 aur'um
1178 3078 1339 3167 dat,
1382 3078 1552 3172 quia
1583 3078 1897 3171 viperam
1939 3081 2066 3151 ha·-

134 3184 291 3274 bet3
338 3188 467 3259 sed
504 3212 762 3260 aurum
806 3190 964 3277 dat,
1016 3214 1249 3281 quum
1294 3205 1395 3259 et
1419 3190 1734 3281 viperam
1787 3189 2066 3261 habeat.·
2155 3196 2166 3205 “

132 3290 412 3367 Eodem
448 3294 676 3369 modo
704 3320 797 3367 ex
822 3295 1175 3393 sacrilegio
1203 3295 1502 3368 lucrum
1519 3296 1654 3384 fit3
1697 3320 1847 3367 non
1892 3280 2062 3392 quia

136 3418 349 3499 turpe
380 3424 455 3477 et
480 3407 890 3478 sceleratum
938 3424 1041 3478 est
1076 3406 1559 3505 sacrilegium,
1601 3392 1724 3477 sed
1779 3406 1950 3499 quia
1988 3420 2062 3479 et

135 3514 417 3615 lucrum
451 3518 687 3589 habet.
721 3517 1420 3623 Quemadmodum
1400 3541 1478 3588 m
1507 3520 1624 3588 illa
1653 3540 1826 3588 urna
1859 3517 2062 3611 vipe-

138 3648 205 3695 ra
238 3632 511 3729 malum
542 3646 683 3718 est,
734 3642 887 3703 no'n
922 3655 1218 3717 aurum,
1256 3630 1465 3723 quod
1501 3620 1669 3702 cum
1699 3631 1938 3723 vipera
1967 3630 2060 3701 ia-

137 3752 299 3824 cet3
323 3741 421 3811 sic
466 3742 547 3811 in
593 3742 947 3837 sacrilegio
996 3742 1268 3812 malum
1320 3756 1422 3811 est
1443 3742 1716 3830 '‚scelus
1756 3764 1930 3813 non·
1947 3742 2056 3811 Iu·

147 3870 363 3924 crum.
393 3850 461 3922 A
488 3851 753 3947 quibus
774 3833 1145 3925 ἀὶεεεηῐίὃ·
1192 3850 1650 3923 dissimillima
1681 3852 2054 3945 utriusque
