2809 4850
1949 223 1980 255 Ι

745 364 830 442 ιε
1083 317 1197 431 'L
1247 354 1713 430 ANNAEI
1760 353 2289 430 SENECAE
2344 325 2349 332 ’

736 525 986 609 dium,
1011 535 1096 593 ut
1115 519 1404 591 recitare
1430 517 1573 590 istis
1597 517 1805 605 velis,
1846 531 1969 588 aut
2006 517 2395 610 disputare.
2444 518 2659 624 quod

733 633 959 710 facere
985 649 1060 716 te
1085 631 1381 717 vellem,
1431 628 1486 698 si
1510 627 1799 699 haberes
1838 626 1950 698 isti
1992 629 2275 722 populo
2314 611 2661 698 idoneam

734 765 1066 819 mercem.
1100 739 1343 812 Nemo
1367 752 1473 809 est
1493 788 1516 825 ,
1554 738 1683 830 qui
1711 735 2107 838 intelligere
2134 753 2206 807 te
2230 735 2469 830 possit.
2502 734 2653 808 Ali-

733 854 912 948 quis·
905 833 1198 922 fortasse
1221 872 1409 920 unus
1432 861 1559 918 aut
1580 849 1755 918 alter
1778 846 2087 917 incidet·
2124 860 2195 916 et
2211 844 2370 916 hic
2352 869 2502 940 ipse
2523 846 2661 920 for·

730 954 1038 1039 arandus
1055 961 1190 1032 tibi
1215 960 1392 1048 erit,
1420 954 2045 1051 instituendusque
2078 957 2175 1030 ad
2196 958 2657 1032 intellectum

729 1073 861 1148 tui.
893 1111 965 1126 —
995 1070 1208 1160 „Cui
1245 1093 1411 1167 ergo
1436 1067 1563 1140 ista
1592 1067 1857 1140 didici?
1883 1077 1937 1114 ‘⁶
1969 1107 2043 1120 -
2088 1067 2263 1141 Non
2300 1083 2406 1142 est
2445 1068 2659 1164 quod

731 1183 978 1255 timeas
995 1202 1091 1250 ne
1117 1201 1406 1270 operam
1442 1173 1865 1269 perdideris:
1908 1175 2041 1246 tibi
2068 1174 2401 1250 didicisti.

829 1286 974 1362 sed
997 1309 1092 1358 ne
1117 1284 1290 1356 mihi
1319 1283 1453 1356 soli
1477 1283 1693 1354 hodie
1721 1283 2094 1356 didicerim
2110 1337 2133 1372 ,
2161 1286 2661 1357 communica-

729 1400 838 1476 bo
859 1413 1102 1468 tecum
1117 1417 1304 1488 quae
1329 1409 1789 1466 occurrerunt
1814 1391 1991 1462 mihi
2021 1395 2292 1494 egregie
2313 1393 2500 1474 dicta
2522 1395 2660 1466 cir-

731 1533 812 1582 ca
841 1475 1186 1578 eumdem
1224 1504 1370 1574 fere
1414 1525 1697 1591 sensum
1740 1503 1901 1574 tria.
1960 1527 2079 1574 ex
2082 1505 2365 1598 quibus
2414 1532 2655 1582 uuum

704 1619 904 1722 haee
938 1613 1273 1711 epistola
1255 1637 1334 1686 m
1380 1614 1709 1686 debitum
1752 1615 2019 1700 solvet,
2059 1614 2313 1686 duom
2338 1617 2658 1690 antece's-

731 1747 892 1796 snm
919 1723 1178 1816 accipe.
1217 1719 1350 1792 DE
1371 1741 1438 1792 M
1460 1740 1509 1790 ο
1533 1741 1575 1792 c
1598 1740 1649 1792 R
1666 1740 1696 1790 1
1714 1739 1761 1792 Τ
1785 1738 1836 1790 U
1858 1737 1893 1790 s
1928 1720 2071 1792 ait·
2124 1721 2307 1794 Unus
2345 1723 2512 1796 mihi
2524 1751 2655 1824 pm

721 1837 956 1937 populo
999 1852 1134 1910 est.
1177 1850 1244 1904 et
1271 1833 1549 1932 populus
1576 1856 1695 1930 pro
1724 1856 1872 1903 uno.
1916 1830 2107 1904 Bene
2134 1849 2208 1904 et
2244 1834 2361 1904 ille
2383 1836 2656 1931 ,quis-

725 1946 894 2044 quis
937 1942 1118 2030 fuit,
1171 1940 1599 2039 (ambigitur
1638 1941 1833 2012 enim
1867 1939 1959 2012 de
2000 1946 2376 2040 auctore,)
2412 1971 2657 2039 quum

731 2071 1193 2149 quaereretur
1215 2052 1307 2124 ab
1333 2045 1495 2141 illo,
1530 2075 1685 2145 quo
1710 2067 1906 2123 tanta
1930 2051 2291 2152 diligentia
2312 2057 2474 2126 artis
2496 2081 2655 2152 spe-

730 2179 952 2240 ctaret
979 2162 1074 2234 ad
1101 2160 1554 2256 paucissimos
1576 2177 2081 2254 perventuram
2109 2163 2297 2234 Satis
2313 2182 2506 2242 runt.
2538 2167 2655 2236 in-

731 2274 937 2368 quit,
984 2271 1151 2342 milti
1190 2275 1390 2369 pauci
1403 2323 1427 2344 ,
1466 2273 1633 2343 satis
1674 2287 1773 2340 est
1810 2296 2024 2352 unus,
2070 2274 2239 2343 satis
2278 2291 2377 2344 est
2408 2274 2650 2344 nullus.
2674 2277 2689 2286 ‘

729 2379 1026 2481 Egregie
1059 2381 1204 2454 hoc
1241 2379 1533 2453 tertium
1563 2377 1729 2451 E121
1746 2400 1787 2451 c
1809 2398 1859 2449 u
1880 2399 1930 2451 n
1952 2399 2004 2451 u
2026 2397 2061 2453 s
2087 2432 2109 2469 ,
2140 2405 2375 2473 quum
2404 2385 2531 2455 uni
2556 2409 2673 2458 ex.

729 2491 1178 2567 consortibus
1221 2488 1629 2563 studiorum
1674 2514 1967 2561 suorum
2006 2489 2365 2565 scriberet:
2407 2492 2600 2567 Haec
2621 2548 2647 2573 ,

565 2578 568 2583 ’
609 2645 614 2651 -
730 2598 1012 2695 inquit,
1042 2623 1158 2695 ego
1191 2623 1317 2669 non
1343 2598 1606 2675 multis.
1628 2598 1743 2669 sed
1762 2599 1881 2669 tihi
1902 2625 1923 2665 .·
1951 2600 2117 2669 satis
2142 2601 2309 2671 enim
2334 2626 2651 2697 magnum

731 2712 906 2787 alter
941 2712 1139 2783 alteri
1175 2708 1504 2783 theatrum
1539 2734 1779 2781 sumus.
1824 2708 1994 2797 Ista,
2028 2708 2131 2779 mi
2166 2710 2433 2799 Lucili,
2466 2737 2650 2784 con-

730 2818 972 2898 denda
999 2818 1078 2893 in
1113 2820 1437 2893 animum
1482 2836 1687 2908 sunt,
1732 2836 1817 2891 ut
1860 2836 2275 2893 contemnas
2310 2824 2649 2917 volupta-

595 2964 606 2973 ·
731 2948 884 3007 tem
917 2954 1010 3003 ex
1040 2930 1354 3027 plurium
1390 2931 1807 3003 adsensione
1848 2931 2282 3003 venientem.
2324 2932 2543 3003 Multi
2572 2950 2647 3005 te

617 3025 626 3033 ’
727 3040 1050 3123 laudant.
1097 3040 1190 3114 Et
1230 3040 1415 3136 quid
1446 3041 1662 3115 habes
1699 3064 1828 3111 cur
1852 3040 2123 3134 placeas
2157 3038 2292 3111 tibi
2314 3090 2353 3127 ,,
2377 3040 2435 3111 si
2470 3040 2526 3112 is
2570 3066 2645 3113 es

730 3172 960 3269 quem
991 3149 1102 3221 int
1145 3196 1148 3198 Α
1197 3148 1393 3245 igant
1432 3148 1703 3221 multi?
1744 3148 2079 3221 introrsus
2108 3147 2302 3221 bona
2331 3164 2454 3221 tua
2486 3174 2646 3245 spe·

725 3272 946 3335 Gtent.

1199 3444 1845 3521 EPISTOLA
1920 3444 2161 3523 VIII.

725 3592 968 3649 Pendere
978 3590 1153 3665 priore
1180 3591 1397 3661 epistola
1410 3633 1427 3660 ,
1446 3606 1502 3649 et
1518 3606 1597 3647 est
1625 3595 1773 3647 velut
1793 3590 2036 3650 obiectio.
2072 3592 2247 3661 Quid?
2263 3593 2427 3651 vitare
2452 3611 2537 3651 me
2556 3596 2644 3651 vis

733 3672 740 3683 ¹
857 3676 1053 3739 urbm
1066 3712 1082 3738 ,
1103 3684 1156 3729 et
1174 3673 1455 3743 populum?
1476 3673 1619 3744 atqui
1645 3672 1804 3725 Stoici
1822 3675 1899 3725 tui
1922 3674 2107 3728 docent
2126 3677 2273 3728 rebus
2294 3675 2533 3730 recedere
2548 3717 2563 3742 ,
2588 3679 2642 3729 in

856 3755 1008 3808 rebus
1025 3754 1174 3808 mori.
1202 3752 1495 3824 Respondet
1508 3793 1524 3819 ,
1540 3770 1646 3806 non
1664 3753 1824 3807 otium
1841 3770 1899 3808 se
1920 3756 2127 3809 suadere
2139 3791 2160 3815 ,
2178 3755 2268 3808 sed
2284 3761 2645 3818 scemenum

759 3838 764 3841 ’
867 3848 966 3889 m
989 3838 1226 3911 exemplo
1243 3854 1260 3890 ε
1275 3837 1368 3909 qui
1394 3836 1589 3891 relictis
1604 3834 1745 3905 aliis,
1774 3836 2063 3907 Sapientiae
2090 3848 2269 3906 vacat,
2294 3849 2349 3893 et
2368 3853 2645 3911 praecepta

2764 4756 2774 4818 2-—
2764 4700 2776 4727 .-
2764 4428 2781 4681 —---.--—-A.-
2769 4324 2780 4409 2-—
2778 4296 2780 4301 .
