2809 4850
575 351 1386 428 EPISTOLA
1470 355 1657 430 xv.
1971 383 2089 458 47.

130 520 342 592 vocis
359 515 856 594 contemseris·
835 567 858 603 ,
887 539 1116 611 quam
1124 530 1296 588 veto
1317 532 1394 591 te
1414 539 1541 610 per
1560 513 1815 614 gradus
1836 531 1911 590 et
1930 539 2069 590 cer·

130 645 255 700 tos
283 627 538 698 modos
563 625 958 711 adtollere,
1000 624 1265 696 deinde
1295 623 1713 720 deprimere.
1746 626 1990 739 Quod·
2006 625 2063 698 si

134 738 318 810 velis
343 737 554 824 dein,
581 734 1206 830 quemadmodum
1229 735 1583 823 ambules,
1608 736 1911 826 discere3
1938 737 2067 810 ad-

133 847 354 920 mitte
377 845 550 918 istos
567 897 592 934 ‚
623 869 812 939 quos
833 867 1018 917 nova
1045 843 1335 922 artificia
1361 843 1615 916 docuit
1644 835 1904 918 fames·
1884 847 2069 920 ·erit

137 957 273 1052 qui
293 954 560 1054 gradus
590 970 756 1026 tuos
776 967 1130 1048 temperet
1151 1002 1175 1041 ,
1205 970 1278 1025 et
1301 951 1557 1026 buccas
1572 971 1648 1027 et
1670 954 1919 1030 dentes
1940 958 2072 1030 ob-

135 1081 418 1152 servet,
465 1063 646 1144 etin
671 1078 956 1134 tantum
989 1061 1334 1157 procedat
1353 1113 1375 1150 ,
1414 1061 1493 1132 in
1525 1079 1883 1157 quantum
1920 1066 2069 1138 eius

133 1172 516 1250 ,audaciam
537 1171 920 1268 patientiae
945 1171 1364 1244 credulitate
1385 1170 1829 1266 produxeris.
1860 1171 2073 1278 Quid

143 1309 312 1384 ergo
331 1285 368 1355 ξ’
395 1309 436 1354 a
461 1285 775 1354 clamore
802 1283 1128 1377 protinus
1147 1297 1219 1353 et
1237 1307 1280 1352 a
1301 1305 1585 1354 summa
1603 1284 2070 1356 contentione

142 1417 294 1464 vox
322 1407 468 1464 tua
474 1391 770 1486 incipiet
788 1392 821 1460 i>
870 1391 1112 1486 Usque
1149 1415 1240 1462 eo
1273 1393 1597 1464 naturale
1637 1409 1782 1481 est,
1822 1397 2073 1488 paula-

143 1503 278 1574 tim
303 1500 618 1587 incitari,
657 1517 738 1569 ut
761 1498 1108 1596 litigantes
1135 1499 1437 1592 quoque
1467 1523 1512 1569 a
1538 1523 1867 1572 sermone
1890 1503 2071 1574 inci-

147 1615 348 1707 piant
363 1663 390 1700 ‚
413 1611 512 1682 ad
537 1609 1120 1682 vociferationem
1145 1626 1540 1685 transeant.
1588 1635 1811 1684 nemo
1832 1617 2073 1688 statim

152 1720 566 1825 Quiritium
599 1718 818 1792 fidem
859 1718 1214 1812 implorat.
1269 1719 1456 1816 Ergo
1487 1736 1891 1813 utcumque
1934 1727 2077 1796 im·-

149 1848 362 1924 petus
396 1830 532 1900 tibi
561 1827 786 1900 animi
820 1828 1105 1900 suaserit
1132 1879 1157 1916 ‚
1198 1829 1427 1900 modo
1458 1829 1947 1904 vehementius
1968 1834 2079 1907 fac

151 1941 229 2010 in
281 1939 472 2010 vices
522 1936 924 2008 convicium
948 1987 972 2025 ,
1020 1935 1248 2006 modo
1291 1936 1555 2006 lentius
1573 1987 1596 2023 ,
1648 1954 1873 2030 prout
1925 1963 2073 2014 vox

156 2073 462 2144 quoque
485 2064 556 2120 te
581 2047 981 2119 hortabitur
1009 2065 1082 2118 et
1102 2049 1303 2119 latus.
1348 2045 1694 2135 Modesta,
1720 2072 1953 2142 quum
1972 2075 2082 2122 re·
2106 2125 2122 2141 ,

155 2159 428 2254 ceperis
469 2157 664 2227 illam
686 2157 1210 2250 revocatisque,
1255 2154 1675 2243 descendat,
1710 2179 1863 2230 non
1886 2159 2082 2232 deci·-

157 2268 313 2339 dat:
348 2263 818 2338 moderatoris
836 2264 943 2336 sui
965 2280 1617 2360 temperamentum
1638 2265 1919 2357 habeat,
1940 2293 2079 2344 nec

155 2376 301 2449 hoc
326 2372 628 2446 indocto
655 2391 728 2444 et
741 2372 1010 2451 rustico
1043 2396 1248 2447 more
1273 2371 1643 2447 desaeviat.
1681 2373 1857 2448 Non
1876 2379 2075 2453 enim

156 2486 240 2559 id
261 2487 580 2583 agimus,
615 2500 701 2557 ut
732 2500 1142 2561 exerceatur
1168 2507 1353 2572 vox,
1391 2483 1515 2560 sed
1546 2501 1631 2557 ut
1663 2506 2004 2561 exerceat.
2100 2507 2107 2521 ¹

257 2594 556 2667 Detraxi
592 2593 727 2666 tibi
762 2617 918 2665 non
957 2594 1301 2688 pusillum
1340 2594 1751 2692 negotiurm
1807 2622 2079 2673 merce·

165 2704 336 2775 dula
386 2720 460 2775 et
505 2725 694 2774 unus
735 2701 986 2801 gradus
1025 2702 1118 2773 ad
1165 2700 1338 2775 haec
1378 2700 1725 2775 beneficia
1762 2708 2075 2781 accedet.

165 2812 346 2885 Ecce
369 2810 646 2909 insigne
673 2826 1174 2906 praeceptumz
1230 2810 1443 2883 Stulti
1466 2814 1607 2885 vita
1630 2814 1903 2907 ingrata
1944 2836 2085 2895 est.

169 2924 458 3025 trepida,
491 2941 630 2997 tota
655 2925 722 2993 in
745 2920 1064 3020 futurum
1074 2919 1323 3019 fertur.
1367 2960 1440 2973 -
1503 2922 1689 3025 Quis
1725 2925 1936 3013 haec,
1978 2928 2088 2999 in..

171 3033 369 3127 quis,
416 3030 640 3102 dicit?
677 3066 750 3081 -
807 3028 1011 3099 Idem
1040 3030 1170 3122 qui
1205 3052 1435 3123 supra.
1474 3026 1717 3133 Quam
1758 3048 1841 3103 tu
1886 3055 2087 3107 nunc

170 3144 393 3234 vitam
443 3140 585 3214 dici
628 3140 984 3213 existimas
1025 3138 1369 3211 stultam?
1412 3136 1645 3209 Babae
1682 3158 1754 3211 et
1796 3140 2089 3217 Isionis?

173 3250 343 3322 Non
371 3252 469 3322 ita
505 3266 639 3325 est:
670 3268 910 3323 nostra
940 3248 1201 3321 dicitur
1218 3298 1242 3337 ,
1294 3258 1479 3342 quos
1504 3272 1707 3321 caeca
1732 3252 2089 3347 cupiditas

173 3362 252 3434 in
275 3364 638 3451 nocitura,
685 3379 874 3435 certe
897 3385 1299 3453 numquam
1343 3360 1705 3453 satiatura,
1744 3368 2091 3462 praecipi·

177 3489 308 3561 tat3
346 3475 613 3567 quibus
632 3521 658 3560 ‚
696 3469 954 3564 siquid
975 3470 1132 3541 satis
1159 3494 1300 3540 esse
1325 3488 1595 3563 posset,
1624 3471 1901 3563 fuisset3
1953 3475 2085 3569 qui

179 3607 329 3655 non
371 3586 772 3682 cogitamus
790 3632 813 3670 ,
865 3606 1087 3675 quam
1119 3580 1525 3653 iucundum
1570 3583 1659 3653 sit
1677 3634 1699 3671 ,
1749 3585 1927 3657 nihil
1954 3612 2089 3682 po-

179 3718 404 3781 scere3
453 3692 678 3789 quam
724 3692 1182 3791 magnificum
1208 3684 1355 3779 sit,
1391 3694 1693 3786 plenum
1728 3718 1911 3785 esse,
1955 3720 2091 3771 nec

181 3829 266 3877 ex
289 3804 576 3879 fortuna
591 3804 934 3901 pendere.
967 3798 1292 3875 Subinde
1307 3805 1577 3895 itaque,
1594 3801 1852 3898 Lucili,
1868 3830 2091 3903 quam
