2809 4850
529 363 1679 448 EplsToLAvln.
1982 406 2075 483 ις

271 527 388 584 eins
403 527 614 598 seriptis
642 542 909 604 propagat·
957 529 1078 584 Hoc
1097 546 1306 600 opernm
1325 533 1593 588 ωιιὶωιιω
1610 550 1669 590 et
1681 535 2075 606 pulcherrimu-

266 623 408 755 aaa·
413 607 711 743 dssienique
695 624 885 682 inserta
906 611 966 666 ab
987 611 1238 680 Epicuro,
1261 612 1567 669 Libertatem
1586 633 1757 672 veram
1774 637 1805 673 ι
1832 619 2077 677 Philoso-

407 881 416 890 .
453 887 465 900 ,
529 819 874 896 SENECA
919 820 1172 895 Lucilio
1213 851 1330 900 suo
1371 825 1688 902 Salutem.

129 919 406 1071 „Tu
435 1007 554 1056 me
581 1034 605 1072 ,
639 983 911 1077 inquis,
945 988 1170 1062 vitare
1191 988 1481 1062 turbani
1511 990 1759 1080 iubes,
1784 993 2073 1068 secede·

131 1116 212 1164 re
234 1143 259 1180 ‚
289 1109 370 1165 et
411 1094 845 1166 conscientia
869 1121 1010 1168 esse
1037 1101 1505 1174 contentum!
1552 1102 1697 1174 Ubi
1730 1105 1847 1176 illa
1868 1131 2080 1202 prae·

133 1222 348 1295 cepta
373 1220 645 1290 vestra,
703 1227 888 1298 quae
929 1205 1282 1301 imperant
1321 1210 1398 1282 in
1440 1228 1604 1284 actu
1638 1215 1945 1288 mori?“
1988 1247 2079 1274 -·

134 1314 352 1420 Quid
369 1315 406 1383 i>
435 1333 576 1412 ego
599 1316 734 1390 tibi
765 1315 1015 1388 videor
1037 1317 1328 1392 interim
1359 1322 1604 1394 sedere
1620 1323 1655 1393 ?
1678 1323 1763 1394 In
1788 1325 1929 1396 hoc
1950 1349 2077 1396 me

132 1423 566 1513 recondidi,
613 1441 691 1496 et
733 1423 916 1498 fores
953 1427 1206 1514 clausi,
1252 1444 1336 1502 ut
1382 1431 1719 1524 prodesse
1744 1433 2077 1526 pluribus

132 1536 429 1630 possim.
464 1536 736 1610 Nullus
759 1537 938 1608 mihi
970 1563 1101 1632 per
1113 1539 1364 1612 otium
1392 1542 1541 1614 dies
1582 1545 1763 1630 exit3
1793 1561 2075 1639 partem

136 1645 476 1719 noctium
531 1647 782 1720 studiis
823 1647 1162 1740 vindicoff
1205 1675 1359 1724 non
1385 1675 1561 1724 vaco
1603 1676 1896 1742 somno,
1944 1653 2073 1726 sed.

134 1757 588 1832 succumbo·
563 1810 587 1844 ,
635 1774 711 1831 et
733 1764 980 1833 oculos
999 1811 1023 1850 ,
1063 1759 1302 1859 vigilia
1341 1762 1688 1862 fatigatos
1708 1765 2077 1836 cadentes-

137 1895 318 1963 que,
343 1870 434 1942 in
459 1893 680 1964 opere
708 1870 1022 1943 detineo.
1055 1869 1311 1944 Secessi
1337 1895 1490 1944 non
1514 1890 1801 1944 tantum
1824 1875 1919 1944 ab
1944 1875 2079 1946 ho·

135 1981 514 2070 minibus,
555 1978 682 2052 sed
717 1977 929 2052 etiam
965 2004 1006 2050 a
1049 1979 1304 2069 rebus,
1355 1999 1431 2052 et
1455 1981 1781 2074 primum
1807 2005 1850 2052 a
1876 1983 2075 2056 meis.

137 2092 608 2162 Postetorum
635 2089 1010 2188 negotium
1035 2111 1205 2188 ago.
1235 2090 1367 2160 illis
1389 2091 1659 2183 aliqua,
1686 2113 1877 2183 quae
1904 2117 2073 2186 pos·-

137 2198 274 2272 sint
299 2195 644 2294 prodesse
662 2249 684 2285 ,
711 2197 1114 2269 cdnsctibo:
1149 2199 1475 2268 salutares
1503 2198 2069 2290 admonitiones,

141 2313 344 2383 velut
383 2309 1088 2381 medicamentorum
1129 2308 1422 2380 utilium
1472 2309 2071 2402 compositiones,

139 2421 358 2495 literis
383 2420 663 2494 mando
680 2446 717 2509 3·
733 2446 873 2495 esse
911 2421 1058 2493 illas
1078 2421 1386 2492 efficaces
1412 2421 1487 2492 in
1516 2421 1691 2491 meis
1714 2422 2075 2495 ulceribus

139 2550 528 2629 expertus,
567 2558 793 2627 quae,
830 2530 1096 2603 etiamsi
1133 2548 1495 2625 persanata
1526 2554 1679 2601 non
1702 2548 1909 2619 sunt,
1935 2556 2075 2603 ser-

141 2670 318 2739 pere
339 2643 734 2715 desierunt.
774 2642 1080 2713 Rectum
1107 2640 1288 2727 iter,
1325 2638 1531 2733 quod
1574 2663 1727 2712 sero
1762 2642 2073 2737 cognovi

145 2746 216 2828 et'
237 2759 461 2827 lassus
493 2753 798 2825 errando
820 2805 842 2839 ‚
867 2753 1014 2823 aliis
1041 2772 1382 2823 monstro.
1421 2750 1719 2823 Clamo:
1757 2802 1807 2840 ,‚
1824 2752 2075 2825 Vitate

149 2888 665 2959 quaecumque
713 2866 934 2960 vulgo
981 2865 1262 2957 placent
1283 2914 1308 2951 ‚
1363 2886 1551 2956 quae
1606 2887 1799 2935 casus
1846 2864 2075 2935 adtri-

143 2972 348 3047 buit!
379 2974 475 3043 ad
499 2979 719 3045 omne
757 2973 1136 3045 fortuitum
1174 2972 1458 3043 bonum
1484 2970 1839 3065 suspiciosi
1867 2973 2074 3067 pavi-

146 3081 373 3176 dique
400 3082 790 3153 subsistite!
819 3081 902 3151 Et
930 3082 1069 3151 fera
1091 3133 1113 3169 ,
1147 3098 1220 3152 et
1240 3080 1479 3176 piscis,
1520 3104 1645 3171 spe
1670 3082 1911 3173 aliqua
1940 3082 2074 3153 ob·

145 3192 457 3263 lectante
489 3189 863 3283 decipitur.
897 3189 1200 3261 Munera
1233 3190 1357 3259 ista
1395 3188 1723 3263 fortunae
1752 3190 2073 3284 putatis?

145 3299 443 3371 insidiae
487 3314 678 3372 sunt-
703 3301 1064 3405 Quisquis
1105 3303 1419 3372 vestrum
1448 3315 1677 3371 tutam
1718 3324 1921 3402 agere
1961 3300 2073 3372 vi·-
2154 3342 2157 3345 ι

145 3424 296 3481 tam
319 3409 562 3494 volet,
593 3427 950 3501 quantum
979 3411 1375 3504 plurimum
1399 3425 1678 3503 potest,
1703 3408 1829 3481 ista
1852 3412 2083 3481 visca·

146 3536 220 3590 ta
259 3519 615 3591 beneficia
655 3520 962 3608 devitet3
999 3520 1076 3593 in
1105 3520 1373 3614 quibus
1406 3521 1549 3592 hoc
1588 3544 1889 3613 quoque
1926 3519 2071 3590 mi·-

145 3626 377 3701 serimi
405 3628 756 3702 fallimur:
807 3629 1069 3701 habere
1104 3652 1235 3699 nos
1263 3642 1632 3723 putamus,
1674 3627 2068 3718 haeremu&

150 3738 237 3807 In
259 3737 674 3832 praecipitia
705 3762 946 3812 cursus
967 3738 1094 3809 iste
1119 3736 1455 3831 deducit3
1505 3735 1715 3805 huius
1744 3734 2073 3807 eminen-

147 3846 237 3917 tis
277 3845 470 3922 vitae
512 3846 750 3924 exitus
763 3896 790 3939 ,
837 3846 1111 3923 cadere.
1129 3863 1254 3919 est.
1299 3842 1587 3919 Deinde
1626 3865 1725 3920 ne
1758 3842 2077 3922 resistere
