2809 4850
569 361 1377 500 ans-‘rota
1452 386 1741 460 xxx.
2029 421 2128 496 99

182 577 423 629 cuum
446 569 589 643 est,
624 568 918 626 naturae
942 573 1227 625 causam
1242 573 1488 650 agere,
1519 567 1702 650 quae
1732 576 1883 628 non
1909 558 2119 634 aliam

184 665 433 738 voluit
459 668 696 764 legem
718 671 1029 736 nostram
1050 687 1215 750 esse,
1242 687 1466 756 quam
1487 689 1710 736 suam.
1731 666 2124 774 Quidquid

180 775 632 868 conposuit,
672 774 997 860 resolvit3
1038 789 1151 861 et,
1182 773 1552 899 quidquid
1593 779 1918 864 resolvit,
1947 805 2124 852 con-
2234 829 2242 840 .

182 886 415 978 ponit
442 887 726 957 iterum.
779 885 925 954 Iam
962 907 1133 954 vero
1164 885 1221 954 si
1256 885 1389 958 cui
1409 887 1754 984 contigat,
1799 906 1880 958 ut
1911 890 2124 963 illum

185 1011 527 1068 senectus
552 995 806 1067 leniter
841 995 1202 1065 emitteret
1219 1044 1244 1081 ,
1293 1019 1448 1066 non
1477 1011 1772 1094 repente
1797 1001 2124 1074 avulsum

194 1109 392 1178 vitae
410 1157 435 1193 ‚
458 1105 587 1176 sed
610 1105 1022 1174 minutatim
1040 1101 1524 1188 subducturm
1554 1128 1800 1195 nonne
1824 1108 1940 1178 ille
1963 1134 2128 1207 age-

197 1241 281 1288 re
304 1213 553 1316 gratias
588 1214 741 1287 Diis
774 1205 1111 1286 omnibus
1146 1214 1409 1302 debet,
1451 1217 1660 1306 quod
1709 1219 1988 1288 satiatus
2029 1219 2126 1291 ad

192 1325 533 1421 requiem
568 1324 849 1396 homini
888 1324 1378 1412 necessariam,
1403 1325 1591 1396 lasso
1617 1343 1912 1422 gratam,
1957 1353 2126 1420 pet·

196 1435 469 1506 ductus
491 1435 641 1506 est?
668 1434 893 1509 Vides
920 1435 1269 1527 quosdam
1297 1427 1627 1528 optantes
1659 1457 1968 1510 mortem
1987 1491 2009 1524 ‚
2041 1457 2116 1512 et

196 1545 511 1638 quidem
563 1545 820 1642 magiS‚
874 1569 1095 1637 quam
1136 1545 1361 1642 rogari
1402 1548 1582 1616 solet
1633 1548 1796 1618 vita.
1859 1547 2122 1622 Nescio

196 1670 402 1726 uttos
451 1655 851 1727 existimem
893 1655 1238 1724 maiorem
1279 1646 1485 1725 nobis
1522 1653 1850 1726 animum
1901 1659 2116 1746 dare,

200 1763 335 1856 qui
378 1762 780 1860 deposcunt
796 1778 1144 1848 mortem,
1176 1783 1269 1830 an
1300 1760 1428 1853 qui
1455 1763 1700 1832 hilares
1729 1789 1884 1834 eam
1916 1766 2126 1854 quie«

197 1873 416 1966 tique
462 1875 970 1968 opperiuntur3
998 1871 1359 1964 quoniam
1410 1871 1594 1942 illud
1639 1895 1729 1942 ex
1776 1873 1968 1942 rabie
2008 1876 2124 1944 in-

198 1981 499 2056 terdum
524 2005 603 2054 ac
628 1981 998 2076 repentina
1022 1971 1518 2076 indignatione
1545 1979 1670 2065 fit,
1710 1979 1880 2050 haec
1905 2002 1996 2050 ex
2016 1952 2138 2084 iu-

204 2090 397 2162 dicio
420 2107 625 2162 certo
643 2089 1109 2183 tranquillitas
1135 2105 1256 2158 est·
1290 2086 1512 2159 Venit
1537 2087 1792 2180 aliquis
1811 2087 1902 2160 ad
1925 2115 2122 2160 mor·

202 2215 356 2272 tem
394 2201 611 2272 iratus
650 2199 906 2270 morti:
959 2198 1367 2268 venientem
1400 2217 1620 2267 nemo
1659 2197 1888 2267 hilaris
1931 2201 2126 2270 exci-

200 2308 351 2404 pit,
384 2308 517 2380 nisi
543 2308 671 2403 qui
706 2333 777 2378 se
810 2301 902 2378 ad
928 2307 1130 2378 illam¹
1158 2305 1283 2377 diu
1322 2323 1810 2398 conposuerat.
1867 2307 2122 2382 Fateor

201 2442 417 2515 ergo,
453 2416 546 2489 ad
586 2417 959 2489 hominem
994 2415 1176 2488 mihi
1213 2440 1455 2487 carum
1504 2439 1599 2486 ex
1635 2415 1961 2507 pluribus
2000 2438 2122 2515 me

198 2520 425 2597 causis
458 2524 901 2619 frequentius
922 2526 1187 2597 venisse
1204 2576 1226 2613 ‚
1273 2542 1354 2595 ut
1376 2525 1622 2621 scirem
1650 2548 1742 2595 an
1768 2526 1974 2595 illum
2002 2542 2122 2613 to-

200 2636 389 2705 tiens
422 2636 766 2713 eumdem
800 2636 1229 2720 invenirem3
1272 2636 1638 2727 numquid
1663 2660 1832 2706 cum
1859 2660 2122 2729 corpo-

200 2746 295 2817 ris
318 2744 587 2815 viribus
610 2743 1052 2817 minueretur
1073 2744 1293 2815 animi
1321 2746 1554 2842 vigor:
1593 2746 1720 2837 qui
1743 2745 1838 2818 sic
1859 2768 2124 2816 cresce-

200 2852 335 2923 bat
364 2853 507 2943 illi,
542 2852 923 2946 quomodo
964 2852 1400 2923 manifestior
1433 2853 1663 2923 notari
1688 2855 1867 2937 solet
1903 2856 2122 2951 agita-

201 2976 448 3034 torum
484 2964 745 3034 laetitia
772 3014 795 3051 ,
840 2986 1073 3055 quum
1098 2961 1405 3054 septimo
1445 2962 1672 3053 spatio
1699 2963 1973 3053 palmae
1996 2964 2126 3038 ad·

200 3075 720 3169 propinquant.
758 3074 1064 3147 Dicebat
1090 3072 1391 3166 quidem
1425 3073 1580 3159 ille,
1609 3070 1898 3165 Epicuri
1923 3099 2122 3165 prae-

202 3187 425 3280 ceptis
458 3189 898 3279 obsequenst
935 3189 1215 3285 primum
1250 3210 1506 3283 sperare
1528 3209 1626 3259 se,
1663 3185 1914 3256 nullum
1947 3188 2125 3264 dola-

200 3320 339 3367 rem
362 3321 497 3369 esse
524 3300 593 3368 in
623 3296 733 3367 illo
760 3294 1398 3367 extremoanlzelicu:
1434 3297 1495 3365 si
1527 3311 1736 3370 tamen
1770 3314 1970 3369 esset.
2006 3296 2122 3367 ha·-

206 3404 347 3477 bere
396 3406 873 3502 aliquantulum
914 3409 981 3475 in
1008 3408 1148 3503 ipsa
1194 3406 1504 3477 brevitate
1547 3406 1813 3477 solatii:
1868 3404 2122 3476 nullum

202 3518 371 3585 enim
401 3516 680 3585 dolorem
704 3514 979 3607 longum
1002 3537 1168 3587 esse.
1199 3516 1310 3610 qui
1337 3536 1613 3605 magnus
1641 3532 1758 3584 est.
1821 3510 2119 3584 Ceterum

202 3646 664 3698 succursurum
707 3622 831 3693 sibi
875 3625 1071 3692 etiam
1110 3624 1176 3692 in
1216 3624 1355 3719 ipsa
1408 3620 1819 3692 distractione
1867 3625 2123 3695 animae

204 3734 647 3829 corporisque,
691 3734 752 3801 si
770 3754 914 3801 cum
944 3732 1241 3801 cruciatu
1283 3729 1593 3825 idfieret,
1619 3745 1766 3829 post
1799 3718 1988 3799 illum
2016 3729 2125 3801 do-

206 3838 411 3914 lorem
452 3866 521 3917 se
563 3840 775 3917 dolere
816 3866 943 3915 non
978 3865 1187 3941 posse.
1226 3838 1386 3915 Non
1430 3838 1725 3915 dubitare
1761 3858 1980 3928 autem
2012 3864 2122 3921 se.
