2809 4850
623 371 1431 454 EP1ST0LA
1504 379 1781 458 Lxx·
2016 414 2155 491 ψ

219 539 346 612 ris.
397 537 498 613 Ut
537 537 810 614 fortiter
857 541 1276 646 amissorum
1313 559 1719 642 pateremur
1764 545 2103 626 desideria
2124 605 2153 645 ‚

221 651 724 748 praecepimus
747 649 1009 760 nobis?
1041 679 1292 727 omnes
1325 657 1978 754 quos'amabamus„
2030 687 2151 734 su·

223 761 554 856 perstites
592 759 881 834 fortuna
914 765 1238 838 servavit.
1285 765 1523 840 Huius
1565 767 1777 842 unius
1802 769 1905 844 rei
1934 795 2146 846 usum

225 871 363 966 qui
391 871 626 969 exigat
648 871 836 962 dies,
877 875 1138 948 veniet.

329 983 505 1054 Non
547 999 650 1055 est
689 984 898 1078 quod
925 987 1318 1078 existimes,
1365 991 1637 1088 magnis
1672 1005 1957 1066 tantum
1985 993 2153 1066 viris

139 1135 154 1152 ι
227 1089 372 1164 hoc
395 1089 622 1162 robur
637 1092 848 1165 fuisse
863 1145 884 1181 ‚
923 1119 1074 1188 quo
1099 1098 1449 1170 servitutis
1477 1101 1831 1176 humanae
1853 1103 2156 1176 claustra

229 1218 806 1296 perrumperent.
845 1203 1022 1275 Non
1047 1224 1150 1278 est
1179 1205 1389 1298 quod
1422 1207 1688 1280 iudices
1707 1259 1731 1298 ,
1774 1211 1915 1284 hoc
1948 1210 2099 1284 fieri
2119 1262 2149 1302 ,

229 1313 366 1384 nisi
393 1338 448 1383 a·
475 1313 784 1405 Catone,
829 1337 981 1386 non
1015 1339 1262 1410 posse,
1295 1315 1472 1410 qui,
1521 1343 1741 1412 quam
1776 1319 1964 1394 ferro
1994 1345 2149 1396 non

235 1424 560 1497 emiserat
595 1426 904 1500 animam
926 1475 950 1514 ‚
991 1435 1216 1496 manu
1245 1429 1546 1503 extraxit
1563 1455 1597 1515 ς,
1632 1451 1865 1523 quum
1908 1429 2155 1507 vilissi-

233 1543 397 1610 r'nae
420 1537 621 1609 sortis
645 1539 970 1610 homines
996 1539 1266 1635 ingenti
1295 1539 1573 1641 impetu
1610 1541 1687 1610 in
1712 1555 1956 1614 tutum
1982 1566 2149 1616 eva·-

234 1649 482 1720 serint:
521 1673 907 1743 quumque
944 1649 1340 1722 commodo
1380 1651 1567 1721 mori
1600 1673 1757 1722 non
1800 1649 2152 1740 licuisset,

233 1781 370 1830 nec
395 1758 487 1829 ad
519 1759 888 1832 arbitrium
914 1781 1124 1830 suum
1155 1758 1626 1832 instrumenta
1656 1759 1906 1831 mortis
1934 1760 2152 1856 elige-

233 1893 352 1956 re,
397 1868 611 1940 obvia
664 1868 1000 1962 quaeque
1041 1884 1473 1962 rapuerunt,
1520 1884 1629 1955 et,
1678 1892 1867 1962 quae
1902 1884 2152 1940 natura

232 2001 391 2050 non
425 1991 622 2050 erant
646 1980 861 2050 noxia
883 2029 906 2066 ,
921 1978 1016 2050 'vi
1038 2003 1161 2050 sua
1189 1980 1330 2049 tela
1354 1978 1694 2050 fecerunt.
1743 1978 1996 2076 Nuper
2014 2029 2039 2066 ‚
2072 1979 2153 2051 in

235 2085 416 2156 ludo
455 2085 944 2158 bestiariorum
963 2137 986 2173 ‚
1023 2109 1210 2158 unus
1251 2111 1292 2158 e
1335 2086 1705 2161 Germanis
1724 2140 1753 2175 ,.
1786 2111 2021 2181 quum
2056 2083 2151 2157 ad

233 2197 586 2268 matutina
611 2199 1017 2291 spectacula
1027 2213 1392 2290 pararetur
1410 2247 1435 2286 ‚
1470 2197 1741 2268 secessit
1765 2195 1857 2268 ad
1880 2219 2153 2267 exone·-

234 2307 877 2403 randum‘corpun
923 2311 1216 2382 nullum
1259 2307 1459 2384 aliud
1508 2308 1613 2380 illi
1656 2307 1957 2382 dabatur
1999 2308 2152 2392 sine

123 2411 129 2422 ’
237 2417 536 2492 custode
555 2403 939 2494 secretum}
967 2419 1068 2492 ibi
1088 2419 1370 2518 lignum
1391 2417 1469 2489 id
1485 2470 1512 2507 ‚
1546 2417 1755 2513 quod
1780 2417 1875 2489 ad
1898 2442 2154 2491 emun·
2182 2417 2186 2422 ’

235 2526 472 2601 danda
497 2528 852 2601 obscoena
887 2529 1316 2607 adhaerente
1338 2527 1633 2626 spongia
1658 2529 1981 2623 positum
2009 2543 2151 2615 est,
2231 2592 2237 2609 ,

233 2656 482 2711 totum
501 2640 576 2711 in
590 2642 832 2738 gulam
855 2639 1071 2726 farsit,
1096 2656 1171 2712 et
1192 2640 1264 2712 vi
1283 2638 1654 2733 praeclusis
1669 2636 1993 2739 faucibus
2010 2637 2157 2732 spi-

235 2746 462 2819 ritum
492 2746 689 2818 elisit.
722 2786 794 2801 --
837 2748 1002 2818 Hoc
1025 2746 1161 2817 fuit
1185 2749 1409 2819 morti
1432 2748 1944 2819 contumeliam
1970 2744 2153 2817 face-

237 2855 354 2926 re!
393 2892 469 2909 -
525 2853 632 2923 Ita
671 2872 980 2947 prorsus.·
1023 2891 1098 2907 -·-
1149 2854 1411 2923 Parum
1434 2850 1753 2938 munde,
1785 2867 1858 2925 et
1892 2874 2154 2945 parum

239 2966 614 3037 decenter!
648 3004 722 3019 -
775 2964 980 3071 Quid
1023 2980 1126 3035 est
1168 2963 1449 3035 stultius
1466 3012 1491 3052 ,
1540 2984 1760 3055 quam
1800 2960 2155 3033 fastidiose

239 3074 480 3145 mori?
517 3073 592 3145 Ο
614 3072 852 3144 virum
874 3072 1172 3144 fortem!
1207 3096 1254 3142 ο
1283 3070 1631 3169 dignum,
1661 3067 1781 3141 cui
1804 3064 1925 3139 fati
1950 3068 2155 3139 dare-

237 3198 361 3257 tur
401 3183 687 3257 electio!
729 3206 950 3276 quam
995 3181 1274 3256 fortiter
1314 3166 1439 3253 ille
1466 3177 1710 3277 gladio
1748 3199 1913 3249 usus
1938 3174 2151 3249 esset!

244 3318 468 3387 quam
493 3292 807 3380 animose
827 3292 906 3361 in
941 3288 1384 3385 profundam
1413 3312 1487 3360 se
1518 3284 1973 3359 altitudinem
2005 3309 2157 3355 ma-

239 3404 336 3474 ris
354 3418 480 3473 aut
505 3402 804 3473 abscisae
825 3402 1032 3494 rupis*
1051 3398 1453 3473 inmisisset!
1492 3397 1837 3492 Undique
1856 3396 2155 3468 destitu-

240 3525 396 3595 tus,
435 3508 711 3579 invenit
749 3508 1374 3601 quemadmodum
1402 3523 1477 3578 et
1500 3504 1813 3578 mortem
1844 3504 1979 3577 sibi
2020 3502 2151 3575 de-

243 3614 449 3693 beret
465 3628 538 3685 et
555 3616 782 3685 telum
805 3640 826 3702 3
848 3628 932 3687 ut
949 3615 1138 3702 scias,
1161 3614 1256 3685 ad
1275 3614 1737 3710 moriendum
1754 3614 1933 3687 nihil
1950 3610 2153 3685 aliud

242 3726 324 3797 in
349 3750 549 3796 mora
588 3748 773 3812 esse,
825 3749 1046 3817 quam
1087 3728 1289 3797 velle.
1352 3725 1809 3797 Existimetur
1840 3723 1934 3796 de
1962 3724 2161 3797 facto·

243 3836 564 3917 hominis
577 3834 894 3911 acerrimi
909 3884 937 3928 ,
981 3850 1066 3908 ut
1091 3837 1358 3933 cuique
1374 3837 1607 3911 visum
1625 3834 1797 3925 erit3
1821 3835 1999 3911 dum
2010 3836 2158 3917 hoc
