2809 4850
718 412 869 494 350
1102 385 1186 462 L.
1233 381 1688 462 ΑΝΝΑΕΙ
1747 377 2274 460 SENECAE

720 550 1131 622 etiamnunc
1144 547 1283 616 hoc
1310 540 1540 614 modo
1571 541 1921 612 intendit.
1958 539 2148 654 Quae
2165 566 2368 638 neque
2389 543 2664 636 magni-

720 659 1000 732 tudinem
1026 657 1237 728 animo
1260 653 1466 726 dant.
1497 675 1611 722 nec
1633 651 2002 747 fiduciam,
2037 675 2151 721 nec
2179 653 2662 724 securitatem.

714 788 941 842 contra
980 784 1199 838 autem
1250 762 1700 836 insolentiam,
1762 778 2119 838 tumorem.
2185 765 2664 856 arrogantiam

710 893 981 952 creant.
1024 871 1201 944 mala
1224 889 1419 944 sunt.-
1474 896 1517 941 a
1525 867 1836 968 fortunus
1887 887 2102 942 autem
2139 873 2208 942 in
2241 872 2400 943 haec
2437 873 2664 970 inpel-

710 989 947 1060 limur.-
990 1007 1141 1076 ergo
1170 1007 1293 1053 nan
1317 997 1472 1052 sunt
1503 981 1684 1052 bona.
1729 1015 1802 1032 --
1859 978 2052 1067 Hac,
2091 980 2334 1072 inquit
2356 1029 2381 1068 ‚
2413 979 2654 1051 ratio-

707 1120 809 1171 ne
846 1121 943 1168 ne
982 1092 1371 1168 commoda
1415 1088 1722 1186 quidem
1761 1089 1888 1162 ista
1915 1104 2145 1164 erunt.
2203 1129 2276 1144 ·-
2330 1089 2500 1162 Alia
2545 1105 2656 1164 ent

710 1203 1265 1280 commodorum
1290 1198 1612 1272 conditio
1629 1249 1654 1286 ,
1692 1198 1824 1270 alia
1850 1199 2236 1270 bonorum.
2283 1197 2654 1272 Commo-

710 1318 893 1391 dum
920 1332 1057 1402 est,
1098 1313 1325 1408 quod.
1342 1313 1504 1407 plus
1531 1334 1692 1382 usus
1722 1309 1942 1382 habet
1974 1325 2193 1404 quarn
2221 1311 2648 1400 molestiae3

706 1424 991 1498 bonum
1016 1423 1369 1494 sincerum
1394 1443 1540 1490 esse
1566 1419 1822 1506 debet,
1857 1436 1930 1490 et
1951 1419 2043 1489 ab
2067 1421 2274 1490 omni
2295 1436 2508 1512 parte
2527 1420 2652 1492 in·-

704 1535 1039 1610 noxium.
1072 1533 1247 1604 Non
1280 1548 1385 1604 est
1416 1529 1492 1602 id
1518 1529 1798 1611 bonum
1821 1579 1845 1616 ‚
1879 1528 2088 1622 quod
2107 1531 2270 1624 plus
2293 1530 2642 1623 prodest3

702 1641 831 1714 sed
854 1641 1063 1735 quod
1090 1657 1371 1714 tantum
1403 1641 1716 1734 prodest.
1757 1638 2643 1714 Praeterea·cotnmodum

702 1768 785 1826 et
810 1750 907 1824 ad
940 1751 1267 1824 animalia
1304 1747 1622 1844 pertinet
1644 1800 1668 1839 ,
1707 1765 1782 1821 et
1807 1747 1899 1820 ad
1931 1747 2358 1843 inperfectos
2393 1751 2642 1846 horni-

702 1883 867 1952 nes,
894 1882 967 1936 et
988 1863 1082 1934 ad
1098 1864 1370 1934 stultos.
1411 1861 1666 1954 Itaque
1684 1875 1922 1953 potest
1957 1861 2022 1932 ei
2049 1885 2190 1934 esse
2217 1861 2656 1932 incommm-

702 1974 887 2046 dum
912 1975 1267 2059 mixtum3
1296 1970 1422 2043 sed
1443 1972 1919 2044 commodum
1945 1972 2210 2046 dicitur
2227 2021 2254 2058 ‚
2273 1996 2328 2042 ‚a
2357 1971 2640 2044 maiore

700 2108 827 2156 sua
848 2098 1047 2176 parte
1082 2082 1544 2154 aestimatum.
1590 2080 1874 2154 Bonum
1919 2081 2016 2152 ad
2055 2105 2288 2154 unum
2325 2078 2640 2176 Sapien-

700 2210 857 2264 tem
880 2190 1223 2284 pertinen
1260 2190 1682 2266 inviolatum
1714 2215 1852 2262 esse
1887 2205 2194 2285 oportet.

798 2299 1091 2372 Bonum
1134 2299 1460 2373 animum
1499 2299 1721 2372 habe!
1765 2297 1958 2372 Unus
2003 2297 2138 2368 tibi
2171 2299 2449 2389 nodus,
2497 2299 2636 2373 sed

696 2407 1187 2483 Herculaneus
1210 2458 1234 2497 ‚
1268 2426 1496 2483 restat.
1547 2407 1660 2483 Ex
1703 2409 1896 2483 malis
1943 2409 2168 2481 bonum
2207 2437 2334 2483 non
2353 2416 2498 2509 fit.-
2546 2438 2636 2485 ex

696 2522 923 2591 multis
941 2521 1436 2617 paupertatibus
1467 2520 1737 2591 divitiae
1763 2524 1984 2615 fiunn
2019 2544 2168 2613 ergo
2207 2521 2479 2593 divitiae
2529 2523 2636 2593 bo-

694 2652 851 2699 num
872 2650 997 2699 non
1022 2643 1197 2713 suat.
1234 2664 1305 2679 -
1344 2626 1551 2699 Hanc
1567 2627 2196 2727 interrogationem
2215 2630 2436 2703 nostri
2461 2655 2632 2705 non

690 2753 1121 2834 agnoscunt:
1176 2737 1618 2831 Peripatetici
1649 2754 1722 2814 et
1753 2739 2034 2839 fingunt
2073 2742 2310 2830 illam,
2363 2755 2438 2811 et
2475 2743 2630 2813 sol-

690 2862 899 2919 vunt.
929 2844 1053 2919 Ait
1070 2862 1317 2919 autem
1340 2850 1395 2919 P
1411 2867 1462 2919 o
1481 2867 1516 2919 s
1534 2868 1640 2939 ru
1665 2870 1716 2921 o
1737 2870 1785 2921 u
1809 2871 1836 2921 1
1863 2868 1911 2919 u
1933 2868 1968 2919 s
1982 2899 2005 2937 ,
2045 2852 2184 2934 hoc
2207 2851 2628 2943 sophisma,

689 2980 825 3051 per
850 2982 1101 3029 omnes
1127 2958 1662 3031 dialecticorum
1689 2961 1954 3031 scholas
1986 2959 2365 3050 iactatum,
2389 2962 2490 3033 sic
2527 2962 2628 3033 ab

688 3065 1159 3139 ANTu’A'rRo
1184 3066 1434 3141 refelli.
1465 3068 1832 3167 Paupertas
1853 3092 2000 3139 non
2015 3094 2135 3167 per
2153 3071 2625 3194 passessionem

687 3177 979 3251 «licitum
1016 3179 1133 3250 sed
1151 3204 1275 3277 per
1296 3179 1794 3253 detractionem.
1826 3180 1962 3255 vel,
1997 3197 2078 3249 ut
2101 3178 2382 3272 antiqui
2401 3181 2626 3253 dixe-

684 3302 859 3358 runt
878 3334 902 3371 ‚
943 3312 1061 3384 per
1097 3289 1535 3363 ·orbationem.·
1585 3288 1889 3384 (Graeci
1927 3278 2122 3387 φωτὶ
2158 3274 2447 3392 στέρνα
2495 3293 2624 3364 di·-

686 3411 898 3470 cunt·
924 3394 961 3497 )
1004 3424 1174 3474 non.
1214 3402 1385 3497 quod
1423 3402 1690 3475 habeat.
1729 3401 1948 3477 dicta.
1994 3402 2111 3473 sed
2127 3404 2296 3500 quod
2323 3429 2444 3473 non
2483 3404 2622 3477 ha-

686 3509 851 3579 beat.
891 3510 1123 3607 Itaque
1151 3534 1231 3579 ex
1271 3511 1496 3581 multis
1531 3512 1831 3583 inanibus
1874 3512 2041 3586 nihil
2070 3514 2304 3611 inpleri
2329 3530 2564 3611 potest
2585 3540 2618 3588 .·

628 3642 635 3653 ·
682 3614 945 3687 divitias
964 3618 1206 3687 multae
1236 3642 1337 3687 res
1339 3618 1618 3715 faciunt
1635 3671 1659 3694 .
1698 3644 1820 3693 non
1863 3621 2108 3691 multae
2135 3624 2404 3719 inopiae.
2449 3624 2620 3694 Ali-

602 3713 607 3722 ’
682 3738 820 3797 ter.
848 3720 1109 3818 inquit,
1133 3751 1323 3821 quam
1348 3728 1565 3803 debes,
1590 3746 2038 3827 paupertatem
2057 3732 2394 3825 intelligis.
2421 3730 2620 3803 Pau-

670 3844 897 3929 pertas
918 3850 1055 3912 est.
1098 3856 1223 3911 non
1243 3860 1405 3937 quae
1423 3862 1642 3938 pauca
1681 3839 2007 3938 possidet,
2045 3840 2168 3913 sed
2193 3866 2358 3941 quae
2383 3844 2614 3920 multa
