2809 4850
745 357 888 460 ηε
1101 349 1184 426 Ι,
1233 348 1697 426 ΑΝΝΑΕΙ
1754 345 2297 426 εΕΝΕοΑἚ

741 517 920 603 tius,
961 535 1180 608 quam
1221 513 1543 605 aliquem
1582 533 1671 584 eo
1708 509 1843 584 sibi
1890 512 2203 606 placere,
2254 511 2468 607 quod
2510 513 2675 608 ipse

738 651 894 700 non
927 623 1140 698 fecit?
1195 620 1464 692 Omnia
1496 622 1627 692 ista
1648 619 1857 694 nobis
1884 620 2263 708 accedant,
2308 617 2466 694 non
2494 617 2675 696 hae-

617 779 624 788 ·
735 755 976 823 reant;
1016 750 1135 821 ut,
1183 730 1240 802 si
1265 729 1754 819 abducentur,
1792 731 1943 802 sine
1984 732 2127 802 ulla
2153 732 2371 804 nostri
2402 733 2675 804 lacera-

735 848 936 922 tione
963 842 1341 918 discedant.
1385 841 1683 914 Utamur
1716 840 1851 914 illis
1871 891 1893 929 ,
1926 865 2081 914 non
2118 841 2549 940 gloriemur3
2596 860 2673 916 et

737 975 1030 1032 utamur
1065 977 1317 1050 parce,
1361 969 1731 1046 tamquam
1762 952 2093 1046 depositis
2131 953 2330 1048 apud
2370 977 2555 1043 nos,
2594 973 2667 1028 et

737 1065 1050 1138 abituris.
1097 1060 1445 1167 Quisquis
1480 1061 1597 1132 illa
1636 1063 1793 1134 sine
1813 1061 2085 1134 ratione
2110 1061 2459 1155 possedit,
2506 1087 2667 1138 non

737 1179 866 1252 diu
898 1178 1174 1251 tenuit:
1223 1175 1367 1268 ipsa
1401 1172 1599 1244 enim
1628 1197 1699 1242 se
1742 1171 2030 1244 felicitas
2054 1223 2079 1260 ‚
2125 1173 2258 1242 nisi
2300 1189 2663 1268 tempera·

539 1369 546 1376 ,
587 1300 598 1308 ’
643 1369 648 1372 ,
719 1305 894 1392 ⁴tur,
927 1285 1207 1381 premit.
1249 1282 1322 1355 Si
1365 1280 1811 1380 fugacissimis
1861 1281 2065 1355 bonis
2106 1279 2446 1373 credidit,
2506 1284 2657 1357 cito

737 1399 1121 1483 deseritur&
1147 1412 1262 1484 et,
1299 1410 1380 1467 ut
1416 1416 1569 1465 non
1592 1393 1989 1480 deseratur,
2036 1390 2415 1494 adfligitur.
2464 1395 2661 1468 Pau-

735 1510 832 1582 cis
883 1508 1246 1602 deponere
1304 1503 1715 1606 felicitatem
1770 1503 2085 1574 molliter
2130 1503 2368 1578 licuit·
2433 1506 2657 1578 ceteri

735 1642 907 1690 cum
933 1616 1082 1703 his,
1113 1616 1302 1686 inter
1325 1635 1514 1706 quae
1540 1611 1949 1698 eminuere,
1980 1610 2355 1704 labuntur;
2400 1630 2474 1684 et
2496 1613 2657 1684 illos

736 1727 1157 1826 degravant
1141 1749 1320 1820 ipsa,
1349 1747 1537 1818 quae
1566 1723 1990 1798 extulerant.
2017 1722 2193 1814 Ideo
2218 1721 2655 1796 adhibeatur

733 1835 1154 1931 prudentia,
1193 1857 1377 1928 quae
1415 1831 1725 1906 modum
1748 1830 1883 1902 illis
1908 1855 1988 1903 ac
2011 1830 2524 1928 parsimoniam
2546 1833 2657 1904 in-

733 1961 997 2042 ponat3
1043 1943 1390 2038 quoniam
1422 1939 1721 2034 quidem
1746 1939 2029 2012 licentia
2052 1964 2228 2034 opes
2265 1960 2423 2012 suas·
2446 1966 2657 2036 prae-

733 2056 982 2151 cipitat
1008 2072 1228 2152 atque
1257 2070 1502 2151 urget,
1550 2075 1687 2124 nec
1716 2075 2067 2146 umquam
2098 2052 2463 2124 inmodica
2510 2053 2656 2124 du-

731 2180 1005 2251 rarunt,
1025 2162 1158 2233 nisi
1173 2161 1287 2234 illa
1311 2160 1749 2233 moderatrix
1768 2160 1977 2242 Ratio
2001 2162 2459 2254 compescuit.
2488 2163 2659 2235 Hoc

733 2275 1127 2344 multarum
1152 2270 1287 2343 tibi
1309 2269 1599 2356 urbium
1626 2269 1953 2342 ostendet
1983 2287 2310 2364 eventus²
2338 2295 2659 2362 quarum

732 2382 814 2457 in
859 2381 1016 2477 ipso
1060 2380 1238 2453 flore
1287 2381 1647 2453 luxuriosa
1694 2378 1985 2475 imperia
2028 2379 2477 2469 ceciderunt,
2532 2399 2655 2471 et,

733 2490 1104 2587 quidquid
1123 2492 1384 2563 virtute
1403 2507 1691 2585 partum
1716 2510 1889 2581 erat,
1908 2491 2448 2591 intemperantia
2472 2516 2659 2563 con-

731 2600 897 2673 ruit.
924 2600 1276 2675 Adversus
1303 2601 1435 2673 hos
1462 2624 1655 2674 casus
1692 2601 2067 2682 muniendi
2090 2624 2350 2689 surmus.
2382 2602 2659 2675 Nullus
2779 2612 2780 2615 ’

731 2729 976 2787 autern
999 2729 1248 2785 contra
1263 2711 1623 2785 fortunam
1644 2709 2211 2811 inexpugnabilis
2233 2736 2478 2783 murus
2506 2726 2653 2784 este
2684 2793 2687 2796 ,

731 2823 926 2895 intus
953 2825 1409 2899 instruamur!
1439 2822 1512 2897 Si
1541 2823 1659 2911 illa
1685 2848 1837 2919 pars
1867 2840 2022 2897 tuta
2046 2840 2190 2927 est!
2220 2824 2477 2919 pulsari
2510 2823 2657 2895 ho·
2775 2836 2776 2839 ’

729 2956 858 3004 mo
890 2947 1168 3027 potest,
1211 2932 1370 3027 capi
1405 2956 1558 3008 non
1584 2948 1841 3027 potest.
1874 2972 1946 2985 -
1976 2930 2207 3038 Quod
2230 2934 2317 3009 sit
2348 2932 2493 3005 hoc
2536 2932 2658 3003 in·
2773 2964 2774 2978 ÷

731 3058 1250 3129 strumentum,
1275 3041 1447 3115 scire
1470 3040 1861 3115 desideras?
1892 3080 1963 3095 -—
1996 3042 2199 3115 Nihil
2226 3042 2656 3141 indignetur
2771 3084 2772 3087 π

731 3148 866 3221 sibi
893 3151 1248 3237 accidere3
1277 3150 1626 3245 sciatque,
1656 3149 1817 3224 illa
1798 3169 1985 3245 rpsa,
2014 3150 2281 3244 quibus
2314 3150 2509 3223 laedi
2542 3151 2655 3225 vi·
2768 3168 2770 3173 ·

737 3255 990 3346 detur,
1022 3260 1112 3330 ad
1151 3259 1766 3331 conservationem
1789 3260 2099 3333 universi
2121 3262 2529 3367 pertinere,
2586 3277 2656 3333 et
2766 3270 2769 3279 ’

736 3388 828 3439 ex
848 3366 954 3437 his
977 3391 1115 3439 esse
1131 3418 1156 3455 ,
1183 3392 1368 3461 quae
1386 3392 1677 3441 cursum
1696 3368 1953 3441 mundi
1979 3368 2445 3462 officiumque
2466 3393 2654 3441 con·
2764 3394 2766 3399 ·

733 3493 1116 3549 summant.
1171 3476 1449 3549 Placeat
1488 3477 1807 3569 homini,
1862 3478 2229 3573 quidquid
2279 3478 2443 3551 Deo
2485 3481 2653 3573 pla·-
2762 3476 2764 3489 ²

732 3587 922 3657 cuit:
954 3584 1054 3658 ob
1075 3585 1216 3657 hoc
1244 3590 1577 3680 seipsum
1600 3610 1875 3681 suaque
1904 3588 2219 3675 miretur,
2256 3588 2462 3682 quod
2483 3610 2648 3679 non
2760 3612 2762 3619 ·

732 3698 971 3789 potest
998 3698 1224 3787 vinci,
1265 3698 1469 3791 quod
1494 3700 1680 3769 mala
1708 3698 1853 3793 ipsa
1876 3699 2009 3801 sub
2037 3724 2109 3783 se
2142 3718 2381 3785 tenet3
2423 3698 2645 3793 quod
2758 3690 2760 3693 ⁴

735 3806 1044 3900 ratione,
1071 3830 1220 3903 qua
1247 3808 1591 3883 valentius
1619 3807 1803 3884 nihil
1828 3824 1971 3901 est,
2000 3831 2247 3891 casum
2270 3807 2647 3885 dolorem·
2756 3816 2758 3819 ‘
