2809 4850
622 383 775 463 ,234
992 359 1075 436 L.
1126 287 1592 434 sumam
1637 327 2164 430 SENECAE

624 526 827 622 perit.
850 561 921 582 -·-
952 515 1096 608 Sed
1124 543 1219 594 ne
1238 521 1576 616 epistolae
1595 517 1906 592 modum
1931 516 2274 592 excedam
2293 520 2318 607 ,’
2347 539 2554 612 qua·

627 657 778 706 non
802 630 1019 704 debet
1041 629 1385 703 sinistram
1425 651 1721 702 manum
1760 627 2052 724 legentis
2077 628 2376 722 implere
2391 655 2439 714 ;.
2460 631 2550 702 in

628 743 851 812 alium
879 738 1075 810 diem
1098 739 1281 809 hane
1311 738 1514 810 litem
1541 759 1709 808 cum
1753 735 2132 808 dialecticis
2173 735 2500 816 differam
2517 786 2552 825 ‚

614 850 934 922 ,nimium
958 846 1364 950 subtilibus,
1386 865 1464 922 et
1487 848 1624 922 hoc
1645 847 1882 924 solum
1904 845 2316 925 curantibus
2331 895 2358 938 ,
2383 869 2548 921 non

628 978 705 1034 et
726 960 891 1032 hoc.
920 957 1123 1035 Vale.

1060 1125 1730 1228 EP15T0LA‘
1771 1147 2083 1248 XLVI.

1100 1303 1187 1364 no
1210 1303 1341 1362 libro
1359 1303 1543 1360 Lucilii
1567 1304 1758 1361 iudicat
1771 1341 1789 1371 ,
1807 1317 1862 1362 et
1881 1300 2072 1360 huda.

1015 1462 1359 1540 SENECA
1406 1463 1658 1536 Lucilio
1693 1487 1804 1534 suo
1841 1461 2155 1534 Salutem.

630 1571 1007 1708 LIBRUM
1028 1641 1241 1699 tuum
1259 1676 1284 1715 ‚
1318 1651 1545 1720 quem
1569 1627 1748 1700 mihi
1773 1625 2184 1721 promisera
2199 1673 2223 1713 ,
2247 1621 2546 1716 accepi,

636 1755 709 1813 et
725 1790 752 1828 ,
779 1753 1147 1828 tamquam
1177 1736 1486 1806 lecturus
1513 1761 1605 1808 ex
1625 1734 2018 1807 commodo
2035 1785 2060 1821 ‚
2097 1732 2436 1826 adaperui
2457 1753 2547 1804 ac

636 1862 919 1916 tantum
946 1844 1311 1940 degustare
1323 1843 1838 1918 volui.Deinde
1861 1841 2222 1914 blanditus
2241 1855 2346 1912 est
2363 1839 2552 1933 ipse,

638 1969 725 2025 ut
768 1953 1228 2048 procederem
1272 1953 1586 2050 longius3
1629 1953 2005 2044 quiquam
2047 1947 2357 2042 disertus
2377 1946 2552 2018 fue-

634 2062 767 2148 rit,
800 2085 889 2130 ex
916 2063 1057 2131 hoc
1081 2061 1424 2158 intelligas
1450 2061 1662 2132 iicet:
1706 2060 1934 2132 brevis
1973 2057 2164 2130 mihi.
2183 2057 2366 2130 visus
2387 2071 2498 2126 est
2517 2105 2550 2143 ,

634 2195 871 2266 quum
902 2185 1075 2263 esset
1116 2193 1251 2240 nec
1292 2170 1481 2255 mei,
1517 2193 1654 2242 nec
1693 2170 1802 2242 tui
1840 2168 2192 2262 corporis,
2235 2167 2362 2238 sed
2407 2167 2550 2258 qui

598 2360 606 2369 ,
635 2281 873 2379 primo
902 2281 1245 2374 adspectu
1281 2296 1408 2354 aut
1429 2279 1518 2351 T.
1551 2280 1781 2369 Livii,
1819 2297 1944 2350 aut
1978 2279 2268 2373 Epicuri
2303 2289 2552 2372 posset

634 2391 896 2478 videri3
938 2405 1135 2461 tanta
1166 2407 1408 2461 autem
1453 2389 1834 2463 dulcedine
1860 2413 1980 2461 me
2021 2389 2256 2463 tenuit
2285 2405 2359 2461 et
2393 2405 2552 2461 tra-

636 2504 789 2589 xit,
816 2519 903 2572 ut
938 2490 1143 2573 illun'i
1173 2503 1321 2571 sine
1354 2503 1498 2572 ulla
1523 2500 1868 2575 dilatione
1901 2503 2363 2600 perlegerem.
2410 2498 2562 2573 Sol-

636 2638 759 2689 me
784 2613 1157 2699 invitabat,
1180 2612 1399 2683 fames
1421 2613 1858 2709 admonebat
1875 2663 1900 2702 ,
1925 2614 2152 2688 nubes
2176 2611 2560 2686 minaban-

636 2740 803 2809 τως
850 2740 1094 2794 tamen
1134 2724 1427 2795 exhausi
1467 2740 1731 2796 totum.
1797 2726 1871 2797 N
1874 2750 1972 2797 on
2016 2743 2300 2798 tantum
2345 2724 2556 2796 dele-

552 2844 561 2853 '
638 2816 863 2905 ctatus
882 2882 907 2920 ‚
956 2832 1083 2903 sed
1131 2834 1438 2929 gravisus
1481 2857 1666 2907 sum.
1710 2833 1916 2943 Quid
1947 2835 2210 2932 ingenii
2250 2836 2380 2907 iste
2413 2836 2552 2906 ha-

636 2944 841 3033 buit,
870 2941 1052 3038 quid
1077 2946 1329 3016 animi!
1365 2946 1670 3017 dicerem
1693 2996 1716 3033 ‚
1761 2946 1944 3041 quid
1964 2947 2316 3040 impetus!
2345 2948 2398 3019 si
2423 2947 2549 3018 in-

518 3038 531 3054 *
637 3055 1165 3147 terquievisset,
1199 3057 1253 3125 si
1286 3056 1658 3127 intervallo
1681 3057 2101 3129 surrexisset.
2146 3059 2364 3130 Nunc
2381 3080 2544 3129 non

634 3164 777 3235 fuit
810 3168 1123 3259 impetus
1140 3216 1165 3251 ,
1186 3164 1310 3238 sed
1332 3182 1581 3251 tenor3
1613 3166 2012 3259 conpositio
2043 3167 2256 3239 virilis
2287 3186 2362 3241 et
2385 3193 2546 3240 san-

639 3293 771 3345 cta.
811 3273 1295 3345 Nihilominus
1320 3274 1833 3347 interveniebat
1855 3274 2066 3347 dulce
2080 3275 2263 3348 illud
2279 3328 2306 3366 ,
2331 3292 2404 3351 et
2427 3280 2551 3350 lo-

636 3404 723 3455 eo
747 3384 923 3455 lene.
960 3382 1259 3455 Grandis
1280 3434 1303 3472 ‚
1336 3400 1608 3459 erectus
1638 3408 1744 3457 es:
1784 3387 1922 3463 hoc
1963 3405 2032 3459 te
2060 3390 2230 3460 volo
2259 3401 2502 3480 tenere
2518 3436 2553 3475 ‚

636 3491 733 3563 sic
762 3493 879 3562 ire.
906 3492 1402 3585 Fecit'sliquid
1433 3510 1506 3565 et
1530 3495 1846 3567 materia:
1894 3496 2061 3568 ideo
2083 3498 2410 3595 eligenda
2433 3516 2542 3570 est

636 3599 919 3691 fertilis,
954 3626 1135 3696 quae
1164 3604 1392 3697 capiat
1429 3604 1796 3703 ingenium
1821 3656 1844 3693 ‚
1885 3631 2072 3701 quae
2109 3607 2377 3679 incitet.
2422 3607 2544 3679 De

630 3707 824 3781 libro
850 3731 982 3785 tuo
1014 3716 1218 3808 plura
1238 3712 1532 3801 scribam
1559 3767 1584 3803 ‚
1623 3739 1854 3809 quum
1889 3718 2546 3809 illum-retractave-

610 3838 753 3891 -1'02
779 3838 987 3919 xmauu:
1009 3845 1262 3917 parum
1296 3824 1475 3895 mihi
1501 3823 1703 3897 sedet
1729 3824 2082 3897 iudicium
2098 3873 2126 3917 ,
2163 3839 2541 3919 tamquam
