2809 4850
585 373 1388 462 EPISTOLA
1485 377 1803 454 vat
2028 311 2165 481 ²03!

225 555 500 607 versus.
539 529 873 623 fortuita;
907 557 1092 606 non
1161 540 1783 610 contremiscamus
1834 537 2169 631 iniurias,

227 667 403 714 non
427 643 756 731 vulnera,
793 665 946 715 non
982 643 1304 748 vincula,
1354 669 1507 720 non
1536 663 1935 746 egestatem.
1972 651 2171 722 Mors

227 753 552 844 quidem
581 770 706 823 aut
744 753 902 824 finis
925 768 1030 824 est
1051 804 1074 841 ‚
1109 769 1234 824 aut
1275 757 1621 826 transitus.
1668 756 1825 828 Nec
1854 757 2172 828 desinere

231 859 746 946 time031idem
792 878 894 932 est
931 861 1161 949 enim,
1217 864 1423 956 quod
1458 887 1610 937 non
1646 867 1986 958 coepisse:
2034 887 2171 938 nec
2274 957 2277 964 Ι

231 968 570 1056 transire3
603 972 776 1062 quia
803 995 1162 1064 nusquam
1191 973 1338 1046 tam
1364 991 1661 1070 anguste
1692 999 1834 1046 ero.
1864 974 2061 1048 Vale.

688 1143 1340 1218 EPISTOLA
1418 1149 1773 1220 LXVI.

151 1275 164 1284 “
238 1277 520 1332 Claranum
537 1295 742 1342 senem,
763 1281 850 1334 sed
873 1283 1085 1335 alacrem
1108 1299 1250 1334 esse:
1280 1283 1505 1336 eumdem
1521 1297 1733 1352 corpore
1746 1281 2045 1344 deformem,
2068 1281 2174 1334 ani·

379 1376 466 1410 mo
485 1358 773 1412 honestum.
808 1361 922 1412 Non
941 1361 1099 1413 refert
1118 1363 1179 1414 de
1209 1377 1344 1423 casa,
1367 1361 1421 1412 in·
1445 1379 1545 1429 qua
1575 1361 1619 1412 is
1640 1360 1852 1413 habitet.
1889 1353 2173 1412 Discrimen

315 1439 636 1498 Bonorum
663 1439 882 1492 Stoicis:
903 1453 958 1492 et
985 1441 1160 1492 omnia
1191 1441 1330 1508 paria
1359 1457 1493 1494 esse.
1532 1440 1671 1506 Quid
1692 1441 1851 1510 ergo?
1873 1441 2003 1492 idem
2026 1439 2173 1502 Gau-

378 1517 545 1580 dium,
561 1531 614 1570 et
633 1517 916 1570 Patientia?
953 1517 1080 1571 idem
1101 1521 1266 1588 ,quod
1287 1520 1350 1572 ad
1367 1520 1654 1574 Virtutem:
1680 1538 1783 1574 non
1802 1519 1863 1572 ad
1880 1519 2168 1578 Materiam,

380 1593 599 1648 Externa
620 1597 766 1648 etiam
781 1637 796 1659 ,
819 1616 920 1649 non
940 1599 1055 1650 dare
1075 1598 1201 1650 Boni
1221 1612 1561 1668 augmentum.
1598 1599 1734 1653 Haec
1751 1597 1937 1653 diffuse
1948 1637 1965 1666 ,
1984 1597 2168 1650 distin·

383 1677 496 1738 cte',
514 1675 743 1743 pulchre.
774 1677 824 1728 Ο
839 1678 1086 1747 legamus,
1112 1690 1166 1731 et
1183 1677 1442 1746 aptemus!

639 1811 980 1885 SENECA
1013 1799 1269 1884 Eucilio
1311 1837 1423 1883 suo
1459 1811 1776 1884 Salutem.

245 1909 774 2047 CDARANUM
803 1977 1315 2071 condispulurn
1353 1999 1603 2048 meum
1622 1975 1773 2048 vidi
1800 1991 1961 2069 post
1982 1979 2168 2048 m'ul-

241 2099 358 2155 tos
377 2107 636 2172 annos;
670 2109 857 2173 non,
892 2106 1126 2182 putu,
1163 2104 1523 2180 exspectas
1550 2103 1633 2158 ut
1658 2086 2029 2174 adiiciam,
2060 2110 2164 2156 se-

239 2217 450 2264 nem·
430 2244 450 2281 ‚
483 2195 606 2266 sed
631 2198 1068 2270 mehercules
1089 2198 1390 2269 viridem
1416 2197 1657 2268 animo
1671 2222 1751 2267 ac
1772 2197 2161 2321 vigentem,

243 2323 502 2378 etcum
525 2309 946 2402 corpusculo
967 2331 1098 2378 suo
1117 2311 1670 2379 conluctantem.
1689 2307 1945 2400 Inique
1968 2308 2164 2378 enim

244 2438 318 2486 se
343 2432 594 2487 natura
622 2414 864 2512 gessit3
892 2432 966 2489 et
994 2416 1206 2495 talem
1243 2415 1565 2487 animum
1612 2416 1799 2486 male
1831 2413 2164 2485 conloca·-

245 2524 396 2594 vit·
431 2538 558 2593 aut
579 2523 860 2597 fortasse
887 2501 1120 2597 voluit
1143 2524 1342 2595 hoc
1321 2548 1559 2618 ipsum
1594 2522 1801 2595 nobis
1830 2520 2163 2591 ostende-

243 2656 366 2719 re,
417 2657 618 2727 posse
657 2634 1032 2731 ingenium
1072 2633 1531 2707 fortissimum
1570 2658 1647 2705 ac
1677 2632 2159 2704 beatissimum

246 2744 382 2815 sub
405 2739 729 2835 qualibet
751 2762 916 2816 cute
936 2746 1171 2816 latere.
1206 2744 1665 2817 Vicittamen
1696 2744 1935 2815 omnia
1958 2744 2160 2835 inpe-
2208 2754 2215 2761 ’

251 2852 570 2924 dimenta
586 2845 723 2939 ᾖξε
749 2855 839 2923 ad
875 2871 1108 2925 cetera
1148 2854 1683 2926 contemnenda
1712 2880 1751 2923 a
1778 2871 2157 2951 contemtu

247 2965 354 3035 sui
373 2965 688 3057 corporis
715 2964 928 3035 venit.
968 2964 1208 3035 Errare
1233 2964 1412 3066 mihi
1438 2962 1623 3034 visus
1648 2980 1749 3036 est
1780 2963 1911 3054 qui
1936 2962 2117 3033 dixit
2136 2990 2155 3029 z

351 3062 620 3145 θνατῶν
658 3094 754 3144 est
774 3074 1046 3173 pulchro
1075 3080 1332 3149 veniens-
1370 3104 1411 3147 a
1450 3098 1703 3171 corpore
1730 3076 1961 3145 virtus.

249 3180 406 3254 Nec
432 3182 624 3253 enim
657 3183 813 3253 ullo
835 3183 1376 3255 honestamento
1408 3192 1601 3280 egetz
1640 3182 1787 3275 ipsa
1814 3200 2159 3275 magnum

249 3291 358 3361 sui
401 3289 616 3363 decus
657 3310 802 3380 est,
849 3311 922 3365 et
963 3318 1224 3388 corpus
1267 3318 1479 3366 suurn
1521 3306 1894 3364 consecrat.
1948 3288 2159 3359 Certe

253 3400 632 3471 Claranum
661 3418 984 3471 nostrum
1009 3402 1220 3496 coepi
1259 3401 1561 3473 intuerit
1609 3400 1961 3473 formosus
1984 3395 2159 3466 mihi

251 3507 534 3577 videtur
555 3558 580 3595 ‚
613 3526 686 3579 et
720 3524 865 3579 tam
897 3526 1128 3581 rectus
1153 3532 1494 3603 corpote,
1526 3524 1871 3602 quamsest
1891 3506 2157 3577 animo.

253 3616 492 3689 Potest
514 3642 607 3690 ex
633 3640 780 3689 casa
807 3619 912 3689 vir
940 3644 1238 3716 magnus
1269 3619 1506 3701 'exire3
1544 3640 1781 3714 potest
1812 3635 1885 3691 et
1910 3644 2002 3690 ex
2030 3618 2159 3689 de'-
2208 3657 2216 3663 ·

255 3726 462 3805 formi
490 3729 896 3821 humilique
925 3732 1346 3821 corpusculo
1388 3730 1737 3814 formosus
1768 3731 2046 3816 animus
2078 3754 2155 3801 ac

253 3858 572 3939 magnus.
621 3830 995 3943 Quosdam
1017 3840 1262 3932 itaque
1283 3832 1461 3912 mihi
1489 3838 1775 3911 videtur
1794 3839 1869 3911 in
1896 3839 2033 3909 hoc
2060 3855 2159 3907 ta-
