2809 4850
685 299 824 403 258
1055 294 1635 372 L-ANNAm
1684 294 2215 396 SENECAE

681 459 906 536 modo
929 459 1140 555 perit,
1159 457 1307 528 siin
1327 457 1599 530 malum
1633 453 1907 542 transit3
1938 455 2154 550 quod
2176 472 2427 528 natura
2444 477 2605 527 non

677 574 988 670 patitur,
1023 571 1191 664 quia
1218 568 1453 640 omnis
1493 565 1711 638 virtus
1738 585 1811 636 et
1842 591 2025 662 opus
2063 591 2279 638 omne
2321 569 2607 650 virtutis

681 684 1198 776 inconruptum
1235 692 1499 748 manet.
1532 675 1815 747 Deinde
1837 728 1859 764 ‚
1888 678 2100 750 etiam
2126 679 2181 748 si
2204 677 2413 748 amici
2439 681 2609 772 pei·-

677 794 952 876 ierunt,
977 788 1188 860 etiam
1209 786 1262 856 si
1285 782 1567 879 probati
1592 784 2250 880 respondentesque
2280 782 2457 858 voto
2484 811 2606 880 pa·

677 907 798 976 tris
836 899 1042 971 liberi
1067 923 1090 986 ς
1138 911 1240 968 est
1275 894 1485 988 quod
1534 894 1827 966 illorum
1874 899 2161 989 expleat
2206 899 2479 967 locum.
2520 937 2593 952 --

581 1030 587 1037 ·
675 1008 884 1118 Quid
907 1008 1032 1094 sit,
1071 1003 1392 1099 quaeris?
1418 1039 1507 1067 .·—·
1557 1002 1785 1108 Quod
1816 1003 1973 1076 illos
2010 1029 2318 1099 quoque
2356 1005 2599 1078 bonos

675 1122 968 1194 fecerat:
999 1106 1491 1190 Vixtum-Haec
1516 1112 1700 1183 nihil
1722 1136 1964 1184 vacare
1985 1116 2253 1208 patitur
2277 1113 2454 1200 loci;
2490 1132 2602 1186 to·

674 1251 836 1302 tum
871 1225 1194 1298 animum
1226 1237 1469 1310 tenet,
1519 1219 1947 1291 desiderium
1991 1219 2327 1291 omnium
2362 1221 2601 1308 tollit3

673 1342 822 1416 sola
842 1339 1000 1410 satis
1025 1353 1128 1409 est
1150 1385 1177 1425 ,
1217 1333 1553 1406 omnium
1582 1331 1778 1404 enim
1815 1330 2181 1404 bonorum
2206 1331 2308 1403 vis
2336 1350 2412 1402 et
2454 1335 2603 1405 ori-

672 1473 766 1547 go
796 1447 871 1516 in
903 1443 1050 1538 ipsa
1069 1457 1189 1514 est.
1224 1438 1433 1544 Quid
1458 1437 1673 1510 refert
1690 1488 1713 1526 ,
1751 1461 1842 1508 an
1866 1458 2052 1530 aqua
2077 1436 2458 1508 decurrens
2486 1438 2605 1510 in·

670 1555 1079 1652 tercipiatur
1105 1567 1324 1644 atque
1345 1549 1592 1636 abeat,
1626 1548 1683 1620 si
1710 1547 1869 1620 fons
1887 1599 1909 1636 ,
1939 1571 2030 1621 ex
2060 1573 2213 1646 quo
2246 1548 2601 1638 fluxerat,

669 1669 896 1740 salvus
925 1662 1077 1736 est?
1123 1661 1300 1734 Non
1317 1659 1749 1748 dices'yitam
1780 1656 2145 1730 iustiorem
2174 1657 2373 1742 salvis
2410 1657 2602 1731 libe-

669 1777 789 1866 rie,
817 1797 1039 1870 quam
1063 1770 1344 1859 amissis,
1369 1793 1504 1841 nec
1528 1766 2043 1874 ordinatiorem
2062 1815 2086 1853 ,
2110 1766 2245 1838 nec
2270 1768 2601 1862 pruden-

671 1887 970 1972 tiorem,
1001 1903 1136 1952 nec
1157 1877 1676 1964 honestiorem3
1708 1899 1874 1974 ergo
1910 1899 2008 1946 ne
2036 1877 2413 1948 meliorem
2435 1880 2601 1972 qui-

673 1996 867 2067 dem.
897 1993 1065 2063 Non
1090 1990 1256 2061 facit
1269 1990 1627 2062 conlectio
1650 1989 2041 2060 amicorum
2062 1987 2597 2090 sapientiorem,

670 2095 1020 2178 nou'facit
1055 2099 1455 2174 stultiorem
1500 2100 1880 2188 detracti03
1934 2123 2101 2200 ergo
2138 2123 2274 2171 nec
2308 2097 2601 2174 beatio·-

667 2241 820 2291 rem
833 2265 864 2318 ,
892 2231 1018 2288 aut
1055 2214 1528 2289 miseriorem:
1578 2213 1939 2308 quamdiu
1954 2213 2177 2286 virtus
2208 2215 2395 2288 salva
2436 2213 2605 2298 fue-

665 2329 760 2402 rit
779 2377 804 2417 ,
835 2347 990 2398 non
1011 2326 1262 2403 senties
1287 2327 1473 2420 quid
1497 2325 1914 2402 abscesserit.

802 2433 1020 2540 Quid⁸
1049 2434 1269 2533 ergo?
1309 2458 1465 2507 non
1510 2451 1613 2509 est
1653 2436 1933 2529 beatior
1966 2450 2041 2507 et
2076 2435 2473 2509 amicorum
2524 2452 2605 2509 et

667 2547 1061 2620 liberorum
1101 2546 1310 2619 turba
1348 2546 1811 2621 subcinctus?
1840 2588 1913 2603 —
1947 2546 2231 2653 Quidni
2266 2550 2419 2621 rion
2448 2550 2545 2619 sit
2564 2550 2605 2619 Ξ)

667 2654 1060 2729 Summum
1099 2654 1293 2728 enim
1333 2654 1619 2729 bonum
1656 2680 1792 2731 nee
1816 2656 2261 2755 infringitur,
2300 2680 2437 2729 nec
2460 2681 2605 2727 au·
2670 2748 2675 2752 η

665 2781 911 2863 getur;
943 2764 1019 2835 in
1035 2787 1169 2838 suo
1195 2764 1423 2838 modo
1447 2783 1844 2862 permanet,
1870 2783 2275 2862 utcumque
2298 2766 2609 2841 fortuna

666 2894 740 2943 se
761 2870 1002 2969 gessitz
1035 2869 1180 2944 sive
1209 2873 1314 2943 illi
1347 2891 1669 2946 senectus
1695 2876 1909 2973 longa
1944 2873 2283 2973 contigit,
2322 2876 2469 2962 sive
2500 2876 2604 2946 ci-

663 2999 772 3055 tra
793 2996 1234 3055 senectutem
1266 2982 1509 3055 finitus
1532 2991 1667 3083 est,
1692 2986 1941 3057 eadem
1968 3008 2293 3059 mensura
2317 2991 2605 3059 summi

661 3086 848 3163 Boni
869 3104 973 3161 est
987 3139 1012 3176 ,
1034 3090 1360 3183 quamvis
1377 3093 1618 3181 aetatis
1644 3092 1909 3165 diversa
1928 3094 2031 3165 sit.
2062 3093 2324 3166 Utrum
2366 3097 2605 3167 maio-

659 3221 816 3273 rem
829 3218 922 3267 an
939 3196 1294 3275 minorem
1324 3198 1669 3273 circulum
1696 3200 1975 3290 scribas,
1996 3201 2086 3277 ad
2104 3202 2415 3295 spatium
2438 3202 2603 3276 eius

659 3306 1012 3401 pertinet,
1053 3329 1202 3378 non
1225 3307 1318 3378 ad
1353 3306 1705 3395 formam:
1756 3310 1921 3380 lIcet
1944 3309 2119 3386 alter
2148 3309 2273 3380 diu
2310 3332 2605 3383 manse-

653 3419 792 3507 rit,
817 3419 1130 3497 alterum,
1141 3418 1372 3491 statim
1397 3419 1783 3494 obduxeris
1810 3472 1832 3509 ,
1870 3437 1943 3493 et
1972 3421 2048 3503 in
2076 3445 2244 3500 eum
2262 3470 2285 3509 ,
2324 3420 2403 3497 in
2430 3446 2597 3513 quo

657 3528 952 3621 scriptus
969 3541 1072 3601 est
1087 3580 1112 3619 ,
1138 3530 1512 3622 pulverem
1534 3528 1840 3618 solveris,
1873 3520 2234 3601 iri-eadem
2268 3544 2601 3621 uterque

655 3633 886 3707 forma
929 3636 1090 3710 fuit.
1135 3636 1365 3743 Quod
1397 3654 1679 3732 rectum
1720 3653 1865 3727 est,
1900 3663 2035 3713 nec
2078 3640 2594 3741 magnitudine

654 3746 1267 3852 aestimatur-,nec
1289 3758 1637 3841 numero,
1674 3774 1809 3823 nec
1834 3767 2161 3849 tempore
2176 3778 2201 3841 3
2216 3840 2219 3847 Ι
2236 3774 2397 3827 non
2424 3776 2601 3823 τηε-ι

795 3974 836 4002 ⁸
