2809 4850
445 334 1292 440 *EPISTOLA
1375 353 1793 429 LXXVI.
1974 382 2103 454 271

177 511 578 604 aequaliter
610 509 836 596 valet3
880 510 998 582 cui
1037 526 1473 604 perpetuum
1510 497 1735 584 robur
1790 514 1947 586 est?
1986 511 2111 604 See

177 620 473 710 quitur,
523 635 646 706 ut,
699 625 886 712 quae
918 619 1008 689 ab
1050 619 1467 712 inconsultis
1514 643 1721 717 saepe
1775 638 2107 697 contem-

175 743 499 814 mintur,
541 753 582 797 a
603 727 1036 822 sapientibus
1067 751 1392 822 semper,
1432 752 1515 799 ea
1540 752 1672 800 nec
1701 727 1894 800 bona
1920 731 2061 804 sint
2080 781 2105 818 ,

172 861 315 909 nec
361 841 563 910 mala.
610 839 868 912 Unum
918 864 1086 944 ergo
1132 839 1417 910 bonum
1466 839 1609 936 ipsa
1673 824 1919 912 Virtus
1968 858 2107 931 est,

172 969 370 1038 quae
405 947 592 1018 inter
630 947 810 1020 hanc
851 943 1212 1021 fortunam
1241 964 1313 1018 et
1346 948 1537 1016 illam
1580 947 1928 1042 superba
1908 971 2104 1021 mce-

172 1053 328 1141 dit,
355 1079 524 1126 cum
546 1080 815 1179 magno
847 1057 1225 1150 utriusque
1253 1071 1651 1128 contemtu.

265 1162 350 1234 Si
391 1165 575 1246 hanc
621 1166 1040 1262 opinionem
1078 1164 1465 1258 receperiS,
1508 1164 1785 1258 aliquid
1818 1165 2101 1240 bonum

169 1299 321 1354 esse
359 1292 639 1368 praeter
680 1277 1101 1363 honestum3
1151 1278 1349 1356 nulla
1391 1299 1545 1349 non
1578 1266 1801 1348 virtus
1827 1279 2105 1349 labora·
2143 1352 2146 1355 ,

167 1383 322 1454 bit:
361 1370 556 1454 nulla
585 1385 778 1456 enim
807 1385 1116 1457 obtineri
1144 1385 1448 1504 poterit,
1475 1386 1529 1455 si
1528 1385 1955 1480 quidquam
1984 1411 2139 1465 exn

167 1505 276 1560 tra
315 1515 386 1599 se
423 1493 825 1584 respexerit.
879 1489 1106 1602 Quod
1135 1492 1186 1561 si
1210 1507 1366 1578 est,
1390 1491 1679 1562 Rationi
1708 1509 2103 1592 repugnat,

170 1627 270 1674 ex
295 1626 441 1696 qua
464 1599 760 1690 virtmes
779 1620 982 1675 sunt·
963 1654 985 1691 ‚
1031 1620 1104 1675 et
1127 1601 1401 1676 veritati
1427 1653 1450 1690 ,
1488 1626 1675 1695 quae
1700 1601 1849 1674 sine
1883 1605 2101 1677 ratio-

167 1737 270 1784 ne
309 1738 462 1785 non
503 1730 640 1785 est.
693 1737 1203 1806 quaecumque
1239 1728 1483 1785 autem
1528 1713 1777 1805 opinio
1825 1713 2097 1786 veritati

163 1839 565 1920 repugnat,
601 1821 790 1892 falsa
803 1839 924 1892 est.
957 1820 1218 1893 Virum
1247 1817 1531 1892 bonum
1570 1819 1919 1890 concedas
1972 1845 2098 1891 ne-

164 1955 355 2001 cesse
386 1946 487 2002 est
517 1955 839 2000 summae
867 1930 1142 2024 pietatis
1175 1945 1334 2026 erga
1365 1926 1559 1996 Deos
1586 1951 1764 1998 esse·
1744 1977 1765 2014 ,
1811 1945 2053 2022 ltaque
2068 1977 2109 2018 ,-

165 2031 541 2134 quidquid
571 2042 672 2110 illi
697 2041 1072 2129 acciderit,
1109 2063 1346 2133 aequo
1387 2039 1632 2113 animo
1645 2017 2091 2112 sustinebit.

159 2151 337 2222 sciet
365 2151 601 2238 enim,
635 2150 712 2220 id
739 2150 1073 2222 accidisse
1109 2151 1264 2248 lege
1301 2147 1537 2220 divina
1563 2198 1588 2234 ‚
1629 2171 1771 2241 qua
1807 2147 2093 2220 univer·-

160 2285 235 2334 sa
261 2262 690 2355 procedunt.
725 2260 955 2367 Quod
975 2262 1030 2330 si
1054 2279 1205 2349 est,
1237 2283 1471 2352 unum
1501 2243 1605 2328 illi
1624 2257 1909 2329 bonum
1938 2257 2101 2346 erit,

159 2373 374 2467 quod
415 2373 832 2449 honestum.
872 2373 949 2444 in
995 2374 1133 2445 hoc
1171 2373 1368 2443 enim
1401 2369 1819 2467 [positum]
1872 2385 1975 2440 est
2024 2385 2097 2441 et

162 2507 414 2578 parere
442 2484 592 2555 Diis
610 2537 633 2571 ,
669 2509 802 2555 nec
833 2484 1459 2563 excandesceread
1484 2483 1718 2556 subita
1738 2533 1762 2571 ,
1796 2506 1933 2553 nec
1968 2482 2095 2554 de-

53 2604 78 2621 ·
159 2595 444 2689 plorare
479 2613 742 2683 sortem
783 2620 1023 2681 suam3
1075 2594 1200 2665 sed
1243 2594 1597 2688 patienter
1632 2593 1959 2687 excipere
1993 2588 2097 2663 fa·
2156 2574 2174 2593 ’

163 2719 370 2793 tum,
421 2720 495 2775 et
534 2703 759 2774 facere
795 2703 1158 2797 imperata.
1209 2703 1285 2775 Si
1315 2706 1553 2777 ullum
1587 2704 1785 2774 aliud
1830 2720 1931 2773 est
1956 2700 2096 2771 Bo·-

161 2832 343 2883 num
385 2834 608 2903 quam
651 2810 1034 2881 honestum
1059 2861 1082 2898 ,
1123 2829 1463 2903 sequetur
1508 2834 1637 2881 nos
1662 2810 1958 2883 aviditas
1984 2810 2097 2881 vi-

165 2940 276 2996 tae
294 2976 319 3010 ,
357 2920 650 3009 aviditas
671 2944 915 2992 rerum
935 2920 1154 2991 vitam
1185 2919 1689 3011 instruentium
1715 2941 1736 3003 3
1766 2916 1971 3009 quod
1994 2936 2095 3019 est

163 3032 1097 3129 intolerabile,infinitum,
1130 3054 1415 3129 vagum.
1474 3028 1729 3100 Solum
1766 3050 1932 3127 ergo
1954 3021 2094 3097 Bo·
2165 3046 2174 3053 ·

163 3166 346 3215 num
372 3158 478 3214 est
501 3144 950 3227 Honestum3
976 3142 1095 3212 cui
1119 3140 1382 3213 modus
1413 3157 1534 3209 est.
1566 3136 1899 3207 Diximus
1918 3188 1939 3224 ,
1966 3136 2093 3207 ho·

162 3254 449 3333 minum
473 3248 1206 3325 futuram-feliciorem
1233 3250 1451 3339 vitam
1482 3274 1703 3342 quam
1734 3246 2097 3337 Deorum,

162 3366 214 3434 si
241 3389 325 3433 ea
347 3363 539 3434 bona
559 3376 760 3449 sunt,
786 3386 1100 3453 quorum
1117 3362 1372 3433 nullus
1394 3359 1547 3431 Diis
1570 3382 1732 3431 usus
1758 3352 1899 3455 ἕεις
1922 3374 2097 3429 tam·

165 3482 388 3567 quarn
421 3473 767 3565 pecunia,
799 3489 869 3541 et
910 3474 1232 3543 honores.
1273 3468 1528 3541 Adiice
1566 3493 1805 3569 nune,
1841 3467 2089 3562 quod,

160 3580 216 3651 si
245 3579 482 3656 ¹modo
507 3571 778 3651 soluta'e
807 3580 1225 3673 corporibus
1265 3577 1544 3663 animae
1574 3593 1902 3661 manent,
1938 3573 2095 3646 feli-

161 3687 316 3757 cior
337 3687 472 3756 illis
497 3701 718 3783 status
753 3701 1003 3773 restat,
1052 3708 1275 3778 quam
1307 3699 1451 3771 est,
1486 3682 1665 3753 dum
1689 3698 2089 3756 mersantur

158 3796 236 3867 in
279 3820 604 3893 corpore.
655 3795 920 3893 Atqui,
945 3794 1000 3869 si
1023 3792 1148 3867 ista
1187 3794 1629 3901 bonasunt,
1652 3792 1917 3888 quibus
1955 3818 2087 3889 per
