2809 4850
511 383 1318 462 EmsToLA
1400 367 1862 464 Lxxv'u
2005 409 2150 496 ²⁷7

212 547 311 620 de
354 568 491 622 suo
534 547 771 622 fieret:
819 548 1130 622 minutas
1174 547 1424 642 itaque
1470 551 1864 622 summulas
1913 548 2146 624 distri-

214 659 381 732 buit
422 657 761 737 flentibus
785 660 1031 749 servis,
1072 677 1145 732 et
1182 660 1339 732 illos
1370 662 1562 732 ultro
1591 663 1991 735 consolatus
2023 679 2146 734 est.

216 769 284 840 N
286 793 389 840 on
410 767 552 840 fuit
576 769 679 842 illi
705 793 889 862 opus
912 767 1122 856 ferto,
1143 783 1293 840 non
1318 769 1693 866 sanguine:
1723 765 1972 839 triduo
1993 769 2146 841 abs·

211 879 474 965 tinuit,
502 894 575 950 et
595 878 673 950 in
699 879 857 972 ipso
880 877 1227 950 cubiculo
1237 878 1419 972 poni
1440 879 1976 950 tabernaculum
2005 875 2148 948 ius·
2185 955 2192 966 ‚

209 991 323 1060 sit.
358 986 638 1063 Solium
664 987 929 1060 deinde
953 987 1259 1062 inlatum
1286 1004 1387 1060 est
1410 1038 1434 1076 ‚
1463 988 1540 1061 in
1570 1012 1724 1081 quo
1753 985 1880 1059 diu
1901 986 2150 1075 iacuit,

212 1115 331 1186 et,
370 1097 571 1168 calda
602 1097 911 1168 subinde
942 1096 1233 1170 subfusa
1254 1147 1279 1186 ,
1324 1097 1672 1192 paulatim
1701 1097 1962 1176 defecit
1985 1148 2010 1187 ‚
2061 1112 2148 1170 ut

210 1205 491 1294 aiebat,
532 1229 685 1278 non
722 1206 885 1278 sine
928 1205 1244 1300 quadam
1291 1209 1670 1301 voluptate
1683 1234 1705 1292 3
1755 1232 1981 1299 quarn
2019 1205 2151 1280 ad-

213 1313 401 1384 ferre
432 1313 615 1384 solet
647 1312 825 1385 lenis
856 1312 1263 1402 dissolutio,
1306 1337 1456 1386 non
1493 1315 1866 1410 inexperta
1893 1313 2150 1403 nobis,

216 1427 409 1515 quos
436 1420 829 1514 aliquando
851 1422 1069 1515 liquit
1102 1424 1401 1494 animus.

318 1531 405 1602 In
454 1530 791 1604 fabellam
834 1533 1145 1620 excessi,
1194 1555 1344 1604 non
1388 1533 1733 1630 ingratam
1773 1529 1950 1601 tibi·
1929 1579 1952 1616 ‚
1999 1530 2150 1601 exi-

220 1657 389 1716 tum
444 1642 641 1714 enim
682 1643 893 1715 amici
935 1644 1045 1714 tui
1091 1666 1518 1740 cognosces,
1552 1665 1708 1714 non
1747 1640 2153 1729 difficilem,

218 1777 360 1826 nec
384 1753 747 1826 miserum.
772 1752 1125 1860 Quamvis
1150 1750 1345 1825 enim
1378 1766 1692 1826 mortem
1717 1751 1857 1822 sibi
1881 1752 2156 1824 consci-

218 1863 405 1936 vetit
427 1913 451 1950 ‚
488 1879 737 1934 tamen
778 1861 1189 1934 mollissime
1222 1863 1514 1954 excessit
1536 1909 1556 1946 ,
1593 1877 1666 1932 et
1695 1860 1840 1932 vita
1879 1862 2155 1956 elapsus
2217 1858 2227 1866 ’

223 1991 349 2047 est.
397 1973 541 2048 Sed
568 1999 685 2069 ne
719 1972 990 2046 inutilis
1038 1974 1337 2066 quidem
1383 1976 1554 2056 haec
1589 1973 1851 2046 fabella
1891 1971 2146 2046 fuerit·-

220 2107 431 2179 saepe
466 2085 659 2155 enim
685 2083 851 2156 talia
892 2085 1225 2178 exempla
1260 2083 1626 2156 necessitas
1649 2082 1886 2180 exigit.
1928 2080 2154 2176 Saepe

224 2195 575 2268 debemus
602 2197 832 2285 mori,
872 2219 1009 2268 nec
1030 2195 1401 2268 volumus:
1433 2196 1822 2280 morimur,
1859 2217 1993 2264 nec
2019 2217 2155 2265 vo-

219 2309 485 2380 lumus.
516 2306 760 2383 Nemo
782 2322 931 2378 tarn
956 2305 1303 2401 inperitus
1326 2322 1464 2392 est,
1493 2321 1578 2408 ut
1601 2305 1892 2394 nesciat,
1921 2329 2154 2398 quan·

222 2415 473 2509 doque
499 2415 996 2504 moriendum3
1036 2434 1542 2510 tamen-quum
1575 2442 1806 2510 prope
1829 2415 2152 2505 accessit,

226 2525 718 2623 tergiversatum
743 2577 767 2615 ‚
796 2526 1039 2597 tremit
1060 2576 1085 2613 ,
1130 2528 1385 2621 plorat.
1413 2524 1678 2596 Nonne
1707 2524 1842 2596 tibi
1873 2524 2156 2605 videbi·

224 2650 346 2707 tur
370 2634 815 2707 stultissimus
837 2637 1176 2709 omnium
1198 2686 1220 2725 ,
1268 2636 1397 2729 qui
1414 2635 1708 2707 fleverit
1725 2686 1748 2722 ,
1775 2634 1982 2731 quod
2026 2658 2157 2709 an-

223 2760 301 2815 te
343 2764 571 2829 annos
604 2744 807 2813 mille
842 2764 997 2815 non
1041 2746 1357 2817 vixerat?
1411 2744 1668 2836 Aeque
1707 2748 1968 2819 stultus
2007 2763 2148 2835 est,

224 2853 360 2945 qui
396 2849 526 2923 flet
545 2901 568 2939 ,
596 2849 803 2950 quod
826 2869 991 2947 post
1016 2874 1240 2923 annos
1270 2854 1470 2923 mille
1496 2876 1652 2923 non
1686 2854 1915 2931 vivet!
1957 2854 2156 2925 Haec

190 2961 423 3055 =paria
446 2974 651 3032 sunt.
694 2980 849 3032 non
880 2962 1057 3049 eris,
1097 2983 1232 3033 nee
1269 2960 1482 3032 fuisti.
1525 2958 1948 3053 Utrumque„
1971 2978 2158 3033 tem-

228 3076 367 3165 pns
407 3072 723 3143 alienum
770 3090 893 3143 est.
931 3073 1019 3143 In
1052 3072 1195 3144 hoe
1230 3089 1594 3167 punctum
1633 3070 2000 3145 coniectus
2038 3094 2109 3141 es
2133 3122 2158 3159 ‚

230 3168 480 3274 quod,
534 3198 619 3251 ut
656 3182 993 3253 extendas
1016 3233 1039 3268 ,
1090 3206 1481 3276 quousque
1519 3178 1915 3254 extendes?
1947 3182 2158 3288 Quid

233 3292 413 3365 fles?
444 3294 627 3386 quid
656 3294 907 3387 optas?
926 3292 1167 3387 per-dis
1192 3318 1528 3389 operam
1507 3295 1528 3365 t

336 3404 759 3503 DesineJ‘ata
786 3404 1009 3477 Deum
1014 3404 1212 3499 flecte
1229 3428 1488 3505 sperare
1502 3406 1846 3506 precando.

234 3511 413 3584 Rata
441 3528 517 3583 et
545 3512 685 3582 fixa
714 3530 881 3585 sunt
900 3564 925 3599 ‚
972 3530 1045 3584 et
1078 3537 1331 3610 magna
1357 3532 1578 3606 atque
1613 3530 1896 3585 aeterna
1923 3534 2158 3586 neca·

120 3718 133 3729 α
236 3622 443 3693 sitate
482 3620 866 3691 ducuntur.
902 3620 1011 3691 Eo
1050 3620 1222 3707 ibis,
1252 3644 1402 3713 quo
1435 3622 1678 3691 omnia
1715 3636 1908 3693 eunt.
1949 3618 2190 3726 Quid'

137 3783 155 3795 .
236 3731 379 3803 tibi
414 3752 691 3803 novum
717 3732 868 3801 est?
908 3730 1028 3803 Ad
1046 3732 1227 3803 hanc
1244 3734 1476 3828 legem
1499 3748 1704 3805 natus
1729 3756 1835 3819 es;
1871 3730 2010 3804 hoc
2029 3755 2158 3829 pa·

238 3840 337 3911 tri
374 3857 511 3913 tuo
552 3840 853 3932 accidit,
899 3841 1045 3914 hoc
1082 3841 1327 3931 matri,
1372 3840 1525 3915 hoc
1560 3838 1944 3917 maionbus
1962 3891 1992 3937 ,
2017 3842 2160 3913 hoc
