2809 4850
543 321 1797 451 Ep1sT02A-xx1vg
1996 379 2136 481 '77
2288 462 2301 478 ἱ

193 540 601 615 etearceriS.
623 540 910 614 Mucius
928 540 1214 640 ignibus
1227 517 1521 642 manum
1548 543 1889 639 inposuit.
1921 544 2137 620 Acer·

193 654 381 728 bum
403 669 516 724 eet
539 653 694 740 uri3
723 669 998 746 quanto
1023 653 1374 742 acerbius,
1398 655 1455 725 si
1486 653 1566 724 id
1592 672 1665 728 te
1688 655 1993 734 faciente
2017 683 2135 754 pa-

191 765 384 838 tiaris
405 765 440 834 i’
469 762 695 835 Vides
727 763 1103 838 hominem
1153 786 1307 836 non
1345 763 1753 852 eruditum,
1800 791 1939 840 nec
1966 769 2153 841 ullius

193 871 594 969 praeceptis
627 892 876 944 contra
915 884 1228 942 mortem
1257 885 1382 941 aut
1414 869 1741 944 dolorem
1783 873 2133 948 suborna-

193 999 358 1055 tum
380 1035 403 1070 ,
435 981 726 1054 militari
753 995 1035 1054 tantum
1057 981 1324 1052 robore
1345 982 1777 1056 instructum
1799 1034 1824 1071 ,
1864 1009 2129 1078 poenas

199 1117 242 1164 a
267 1119 340 1163 se
362 1094 552 1164 inriti
581 1109 878 1164 conatus
901 1090 1349 1190 exigentem!
1401 1109 1759 1184 spectator
1786 1090 2130 1165 distillan-

201 1203 390 1275 tisin
413 1203 656 1274 hostili
681 1203 928 1275 foculo
959 1201 1250 1274 dextrae
1271 1203 1468 1272 stetit
1491 1253 1513 1288 ,
1540 1223 1674 1273 nec
1698 1219 1867 1274 ante
1889 1227 2129 1276 remo-

198 1315 306 1386 vit
341 1311 564 1384 nudis
587 1313 856 1384 ossibus
879 1310 1233 1386 fluentem
1269 1335 1571 1386 manum
1594 1361 1617 1400 ‚
1654 1333 1877 1405 quam
1908 1313 2011 1386 ini
2037 1315 2133 1386 ab

197 1428 408 1498 hoste
441 1426 798 1496 subducta
827 1445 952 1495 est.-
1000 1425 1253 1495 Facere
1294 1424 1577 1518 aliquid
1618 1427 1694 1496 in
1732 1418 1867 1498 illis
1902 1429 2134 1500 caetris

199 1538 478 1610 felicius
495 1536 782 1631 potuit,
826 1536 1006 1608 nihil
1033 1534 1306 1609 fortius.
1362 1533 1551 1607 vide
1588 1553 1865 1627 quanto
1908 1539 2133 1610 acrior
2200 1571 2217 1586 ’

199 1651 290 1726 sit
317 1649 413 1721 ad
460 1646 882 1743 occupanda
915 1648 1230 1740 pericula
1267 1645 1530 1734 virtus,
1565 1667 1789 1738 quam
1826 1649 2135 1722 crudeli-

199 1779 302 1834 tas
339 1759 436 1832 ad
459 1759 872 1858 inroganda.
899 1757 1200 1829 Facilius
1229 1757 1589 1830 Porsenna
1630 1755 1881 1829 Mucio
1918 1759 2133 1856 igno·

203 1871 350 1958 vit,
379 1869 591 1962 quod
621 1870 948 1940 voluerat
963 1866 1293 1944 occidere
1314 1916 1338 1955 ,
1389 1889 1609 1959 quam
1636 1865 1771 1938 sibi
1800 1865 2087 1940 Mucius
2104 1915 2134 1960 ,

204 1979 412 2074 quod
437 2001 590 2049 non
621 1964 982 2048 ocei'derit.
1828 2007 1837 2010 -

299 2089 740 2160 Decantatae
761 2140 784 2174 ,
825 2087 1105 2180 inquis,
1143 2085 1221 2158 in
1255 2086 1601 2160 omnibus
1636 2087 1888 2158 scholis
1924 2086 2137 2159 fabuz

201 2199 314 2268 lae
339 2199 510 2269 istae
531 2215 705 2268 sunt
731 2197 746 2265 !
785 2196 1018 2266 Etiam
1053 2195 1235 2266 mihi
1257 2247 1281 2288 ,
1299 2219 1535 2288 quum
1552 2195 1641 2266 ad
1664 2215 2138 2269 contemnen-

139 2337 150 2348 ‚
203 2309 371 2380 dam
410 2322 726 2382 mortem
751 2324 1051 2381 ventum
1085 2305 1342 2395 fuerit,
1391 2307 1743 2394 Catonem
1772 2311 2077 2380 narrabis
2098 2309 2135 2381 Ρ

200 2446 290 2471 ’-·
327 2417 624 2521 Quidni
659 2440 794 2513 ego
823 2438 1102 2485 narrem
1129 2414 1382 2486 ultima
1422 2414 1539 2487 illa
1564 2434 1779 2489 nocte
1818 2420 2131 2493 Platonis

155 2558 162 2569 ·
201 2530 480 2601 librum
516 2530 878 2623 legentem
901 2576 926 2612 ,
965 2526 1200 2619 posito
1243 2524 1340 2599 ad
1377 2544 1597 2617 caput
1624 2526 1919 2623 gladio?
1957 2526 2131 2599 Duo
2168 2530 2170 2532 ’

203 2638 378 2709 haec
408 2637 490 2706 in
520 2634 737 2707 rebus
767 2634 1100 2706 extremis
1125 2633 1597 2706 instrumenta
1628 2652 2134 2730 prospexerat,

204 2748 545 2831 alterum,
567 2760 656 2815 ut
679 2746 898 2815 vellet
913 2745 1127 2831 mori,
1151 2746 1491 2833 alterurn,
1510 2760 1596 2817 ut
1619 2762 1877 2839 posset.
1910 2746 2135 2817 Gom-

139 2932 144 2937 ,
205 2856 454 2950 potitis
479 2878 652 2953 ergo
673 2855 920 2941 rebus,
951 2872 1354 2946 utcumque
1379 2854 1727 2946 componi
1752 2852 2009 2926 fractae
2028 2871 2137 2925 at-

165 2994 170 2999 ·
207 2986 358 3059 que
395 2964 696 3035 ultimae
730 2977 1098 3058 poterant,
1127 2961 1224 3031 'id
1249 2961 1608 3059 agendum
1657 2962 2136 3056 existimavit,

205 3096 298 3145 ne
328 3074 454 3145 cui
487 3073 844 3147 Catonem
875 3088 1004 3145 aut
1029 3070 1358 3145 occidere
1393 3072 1636 3143 liceret
1657 3120 1679 3157 ,
1710 3088 1832 3143 aut
1864 3082 2141 3143 servare

208 3181 703 3285 contin'geret3
745 3200 864 3273 et,
899 3186 1146 3290 stricto
1187 3182 1469 3281 gladio,
1514 3204 1737 3277 quem
1782 3206 2016 3275 usque
2052 3181 2134 3255 in

206 3298 417 3373 illum
445 3296 642 3371 diem
663 3297 758 3369 ab
787 3296 992 3367 omni
1015 3294 1232 3369 caede
1248 3316 1515 3388 purum
1540 3312 1964 3365 servaverat:
1995 3292 2069 3366 N
2074 3296 2135 3363 i-

210 3407 354 3495 hil,
387 3409 678 3501 inquit,
703 3406 950 3504 egisti,
980 3406 1292 3476 Fortuna
1313 3457 1338 3495 ,
1373 3404 1721 3477 omnibus
1754 3404 2131 3481 conatibus

209 3519 386 3593 meis
409 3516 814 3589 obstando!
843 3540 998 3587 non
1031 3538 1160 3608 pro
1190 3539 1350 3584 mea
1373 3514 1615 3584 adhuc
1636 3562 1660 3601 ‚
1692 3512 1818 3583 sed
1848 3537 1981 3605 pro
1997 3536 2134 3606 pa-

185 3626 378 3697 -triae
416 3626 754 3698 libertate
793 3627 1140 3725 pugnavi!
1190 3648 1322 3695 nec
1354 3624 1651 3721 agebam
1690 3639 1887 3693 tanta
1914 3623 2134 3717 perti·
2174 3684 2180 3691 .

210 3731 432 3820 nacia,
461 3734 777 3821 ut'liber',
791 3734 913 3803 sed
931 3750 1014 3803 ut
1039 3733 1222 3801 inter
1241 3730 1503 3800 liberos
1521 3728 1832 3801 viverem
1858 3754 1879 3799 x
1904 3748 2129 3818 nune,

209 3844 566 3937 quoniam
597 3843 1007 3939 deploratae
1033 3860 1197 3913 sunt
1219 3864 1324 3911 res
1351 3838 1647 3909 humani
1670 3838 1969 3938 generis,
1996 3838 2135 3911 Ca-

2132 4178 2155 4209 k
