2809 4850
680 361 853 456 ηο·
1006 293 1099 428 ἰ.
1146 347 2260 430 ANNAmsENEcAE

672 515 885 612 quod
906 515 1189 588 beatam
1220 516 1703 612 vitam‘potest
1745 515 1972 592 facete
1993 568 2021 606 ‚
2071 518 2152 590 id
2186 520 2477 594 bonum
2501 537 2610 594 est

578 663 587 672 ·
656 650 809 705 suo
838 628 1028 713 iure;
1078 625 1470 720 deprayari
1483 626 1678 698 enim
1723 625 1800 696 in
1839 630 2116 700 malum
2153 653 2309 702 non
2339 647 2604 730 p9test.

674 736 909 860 Quid·
918 753 1021 808 est
1046 759 1212 834 ergo
1236 735 1317 806 in
1350 759 1502 828 quo
1525 756 1831 822 erratur,
1868 759 2104 829 quum
2147 759 2399 810 omnes
2426 738 2600 812 bea·

674 860 825 916 tam
844 845 1062 916 vitam
1086 841 1391 940 optent?
1417 841 1661 936 quod
1643 859 2112 918 instrumenta
2124 845 2271 915 eius
2290 869 2425 938 pro
2445 847 2602 942 ipsa

672 953 984 1041 habent,
1032 973 1106 1025 et
1141 951 1383 1040 illam,
1421 952 1604 1024 dum
1647 943 1951 1046 petunt,
1991 952 2298 1051 fugiunt.
2343 957 2594 1048 Nam,

672 1086 911 1156 quum
953 1085 1237 1135 summa
1265 1059 1515 1134 beatae
1553 1060 1742 1132 vitae
1776 1061 1867 1133 sit
1903 1059 2130 1134 aolida-
2157 1063 2490 1154 securitas
2519 1087 2598 1138 et

671 1171 825 1252 eius
866 1157 1277 1241 inconcussa
1330 1167 1591 1240 fiducia
1608 1218 1635 1257 ‚
1693 1168 2186 1240 sollicitudinis
2237 1172 2597 1271 colligunt

667 1303 939 1372 causas,
988 1295 1061 1350 et
1084 1302 1235 1373 per
1255 1276 1674 1350 insidiosum
1701 1278 1837 1350 iter
1873 1279 2063 1352 vitae
2106 1301 2260 1352 non
2296 1295 2594 1354 tantum

664 1385 907 1459 ferunt
930 1385 1251 1487 sarcinas,
1282 1382 1408 1456 sed
1431 1385 1758 1457 trahunt.
1766 1385 1874 1461 Ita
1895 1387 2182 1484 longius
2199 1388 2290 1460 ab
2321 1387 2588 1462 effectu

630 1495 816 1577 eius
860 1481 1066 1590 qnod
1102 1511 1406 1588 petunt,
1454 1519 1734 1590 semper
1775 1493 2214 1586 abscedunt,
2263 1514 2378 1585 et,
2434 1523 2590 1592 quo

658 1607 827 1702 plus
842 1629 1095 1700 operae
1106 1605 1640 1700 inpenderunt,
1661 1607 1805 1692 hoc
1829 1631 1902 1680 se
1925 1607 2144 1706 magis
2173 1608 2590 1704 inpediunt,

662 1715 1090 1806 etfetuntur
1110 1732 1323 1788 retro.
1350 1716 1580 1822 Quod
1607 1717 1844 1791 evenit
1867 1717 1948 1790 in
1971 1715 2385 1813 labyrintho
2409 1743 2587 1814 pro-

660 1825 1077 1924 perantibus
1095 1855 1114 1899 ι
1135 1825 1299 1922 .ipsa
1316 1825 1474 1899 illos
1499 1826 2174 1924 velocitas-inplicat.
2206 1825 2410 1901 Vale.
2473 1885 2484 1898 .

1132 2011 1777 2132 EPISTOLA
1835 2011 2093 2089 XLV.

660 2165 784 2222 Non
816 2155 992 2216 multis
1012 2158 1155 2214 libris
1167 2195 1184 2222 ,
1202 2159 1292 2214 sed
1313 2158 1493 2222 bonis,
1511 2158 1570 2212 ad
1591 2158 1892 2228 Sapientiam
1912 2173 2065 2230 opus.
2095 2159 2313 2232 Veteres
2331 2157 2591 2230 superflua

789 2239 1060 2311 quaedam,
1086 2249 1177 2290 aut
1198 2248 1406 2308 argum,
1435 2237 1623 2292 frustra
1653 2239 1940 2308 scripsisse.
1971 2239 2104 2292 Tum
2131 2252 2311 2293 centra
2339 2241 2589 2305 cavillos,

788 2325 1056 2376 et'voeum
1082 2318 1361 2387 ultiones.
1390 2315 1534 2381 Res}
1553 2333 1668 2384 res,
1689 2331 1745 2372 et
1767 2333 1941 2374 amm
1963 2319 2251 2376 discrimina
2271 2319 2584 2391 querenda.

668 2446 679 2455 .
786 2401 1148 2472 Quisnam,
1168 2398 1770 2471 etquodverebonun?
2071 2444 2076 2449 .

1042 2540 1381 2614 SENECA
1426 2536 1681 2611 Lucilio
1719 2560 1836 2611 suo
1873 2536 2186 2609 Salutem

654 2646 1157 2789 LIBRORUM
1186 2705 1339 2777 istic
1376 2703 1696 2799 inopiam
1739 2727 1881 2776 esse
1908 2699 2239 2795 quereris.
2265 2698 2342 2771 N
2345 2722 2441 2770 on
2465 2723 2580 2773 re·
2643 2772 2648 2777 .

654 2814 797 2889 fert
832 2839 1055 2910 quam
1090 2814 1405 2902 multos,
1435 2813 1562 2885 sed
1598 2836 1868 2906 quam
1864 2812 2096 2885 bonos
2134 2808 2420 2881 habeas.
2467 2810 2579 2880 le-

654 2927 804 3003 ctio
830 2946 1015 2999 certa
1032 2925 1365 3019 prodest,
1389 2925 1578 2997 varia
1599 2924 1924 2995 delectat·
1956 2919 2114 3023 Qui
2131 2968 2153 3006 ,
2181 2941 2336 3011 quo
2364 2914 2579 2987 desti·

652 3040 853 3113 navit
871 3088 895 3125 ‚
924 3036 1293 3131 pervenire
1315 3038 1518 3123 vult,
1547 3058 1767 3107 unam
1789 3049 2128 3139 sequatur
2155 3031 2383 3118 viam,
2409 3051 2572 3099 non

648 3176 785 3247 per
807 3151 1065 3221 multas
1087 3164 1417 3246 vagetur:
1451 3169 1605 3219 non
1630 3147 1730 3217 ire
1755 3143 1946 3219 istud
1963 3192 1987 3233 ,
2021 3141 2149 3215 sed
2193 3164 2414 3218 errare
2440 3154 2569 3211 est.

602 3275 630 3294 ι
665 3297 738 3311 -
771 3257 1058 3329 Vellem
1078 3303 1103 3343 ,
1140 3254 1422 3348 inquis,
1451 3256 1672 3351 magis
1697 3253 1914 3327 libros
1935 3251 2125 3349 mihi
2141 3273 2362 3344 quam
2392 3271 2572 3320 con-

649 3362 889 3457 silium
928 3361 1145 3433 dares.
1186 3399 1259 3413 -
1330 3360 1479 3457 Ego
1522 3386 1693 3432 vero
1739 3382 2244 3455 quoscumque
2277 3355 2518 3439 habeo
2543 3403 2572 3443 ,

648 3474 933 3561 mittere
959 3484 1243 3565 paratus
1270 3494 1472 3559 sum,
1502 3486 1576 3559 et
1599 3486 1850 3550 ,totum
1885 3470 2224 3564 horreum
2267 3480 2570 3539 excute-

648 3604 766 3667 re;
806 3604 1259 3675 mefquoque
1278 3580 1452 3671 iste,
1475 3581 1530 3679 si
1563 3605 1844 3676 possem
1861 3630 1886 3670 ,
1922 3578 2370 3663 transferrem
2391 3626 2414 3663 ‚
2439 3590 2518 3677 et
2537 3624 2566 3663 ,

648 3686 787 3766 nisi
823 3704 1102 3761 mature
1140 3702 1212 3760 te
1264 3687 1483 3773 finem
1519 3686 1728 3759 officii
1769 3690 2121 3782 sperarem
2167 3684 2571 3778 inpetratu-

624 3817 815 3872 rum
832 3848 861 3889 ,
896 3800 1081 3873 hanc
1096 3798 1401 3891 senilem
1427 3795 1966 3895 expeditionem
1986 3792 2398 3899 >indixissem
2424 3790 2564 3863 ini-‘-
