2809 4850
699 315 792 399 ει
1075 317 1160 394 L.
1209 315 1670 394 ANNAm
1707 314 2286 409 ‘SENECAE-

698 498 742 558 ε’
763 491 955 570 σιω
975 498 1010 554 s
1049 503 1206 553 non
1241 478 1481 554 minus
1528 505 1648 554 eos
1668 531 1695 571 ,
1747 479 2226 580 qui’niottem
2268 485 2649 582 concupi-

695 607 942 680 scunt,
987 613 1208 685 quam
1239 613 1403 678 eos,
1450 589 1575 682 qui
1604 589 1905 678 timent,
1956 606 2031 662 et
2066 591 2197 664 ait:
2243 593 2647 694 Ridiculum

695 722 826 781 est.
853 725 1110 796 currere
1141 700 1232 770 ad
1249 717 1517 773 mortem
1548 703 1755 772 taedio
1782 703 2001 776 vinces
2038 726 2230 800 quum
2250 729 2495 797 genere
2522 707 2647 778 vi-

626 825 635 833 ‘
697 831 804 886 tae
823 859 856 887 ,-
887 827 961 881 ut
999 809 1380 880 currendum
1405 810 1495 880 ad
1518 805 1787 882 mortain
1820 829 2019 888 esset.
2066 815 2371 910 ffceris.
2425 813 2659 886 Item=

692 922 832 994 alio
855 922 1020 995 loco
1057 913 1270 997 dicit:
1315 916 1503 1028 Quid
1526 936 1661 990 tam
1692 919 2084 997 ridiculum.
2126 947 2322 1018 quam
2360 922 2640 1020 adpete-

664 1052 764 1102 ’νο
789 1046 1100 1104 mortem..
1141 1051 1336 1124 quum
1370 1029 1575 1100 vitam
1616 1031 1965 1126 inquietam
2002 1031 2119 1100 tibi
2142 1030 2393 1128 seceris
2434 1047 2632 1101 metu

691 1141 980 1212 mortis?
1033 1135 1162 1208 His
1192 1135 1470 1211 adiicias
1500 1153 1573 1208 et
1608 1135 1793 1210 illud
1820 1137 2137 1210 eiusdem
2173 1154 2387 1211 notae
2410 1141 2595 1213 licet
2613 1169 2633 1209 z

699 1249 987 1324 Tantam
1019 1249 1342 1321 hominum
1389 1249 1864 1346 inprudentiam
1907 1275 2037 1321 esse
2056 1303 2081 1326 ,
2132 1253 2321 1340 immo
2356 1251 2631 1324 demen-

567 1408 584 1422 .
691 1361 852 1430 tiam
873 1412 897 1435 .
928 1373 1004 1429 ut
1041 1355 1302 1453 quidam
1331 1357 1561 1426 timore
1599 1361 1825 1428 mortis
1852 1337 2169 1452 cogantur
2206 1360 2295 1430 ad
2326 1377 2627 1460 mortem.

689 1457 1080 1576 Quidquid
1126 1465 1388 1538 horum
1454 1467 1849 1560 tractaveris
1867 1517 1891 1554 ,
1946 1467 2402 1550 confirmabis
2454 1469 2622 1538 ani-

690 1601 898 1654 mum
915 1625 940 1664 ,
966 1575 1084 1646 vel
1103 1572 1200 1644 ad
1225 1572 1472 1644 mortis
1486 1623 1509 1660 ,
1534 1572 1651 1643 vel
1674 1571 1769 1644 ad
1796 1569 1981 1644 vita'e
2006 1572 2448 1668 patientiam.
2488 1570 2623 1642 Ad

687 1688 1086 1779 utr'umque
1121 1680 1317 1760 enim
1355 1679 1705 1754 movendi
1726 1706 1807 1754 ac
1833 1681 2167 1754 firmandi
2206 1707 2493 1771 sumus,
2540 1701 2623 1754 et

684 1819 782 1868 ne
821 1793 1032 1866 nimis
1061 1815 1380 1864 amemus
1419 1792 1639 1867 vitam
1662 1842 1687 1880 ,
1738 1807 1814 1866 et
1848 1817 1942 1866 ne
1982 1793 2192 1868 nimis
2222 1794 2615 1868 oderimus.

597 1973 606 1986 ,
681 1907 914 1980 Etiam
941 1927 1178 1998 quum
1199 1902 1378 1974 ratio
1396 1901 1647 1989 suadet
1672 1900 1873 1975 finire
1894 1953 1917 1992 ,
1940 1925 2097 1974 non
2122 1919 2423 1990 temere,
2462 1927 2609 1974 nec

681 2027 872 2090 cum·
897 2035 1239 2109 procursu
1279 2009 1669 2104 capiendus
1718 2027 1821 2082 est
1846 2013 2177 2106 impetus.
2237 2013 2369 2084 Vir
2400 2010 2617 2084 fortis

679 2148 762 2218 ac
783 2113 1056 2221 sapiens
1095 2117 1521 2219 nonfugere
1562 2117 1782 2192 debet
1806 2143 1849 2190 e
1870 2120 2051 2210 vita,
2098 2119 2224 2191 sed
2260 2121 2475 2192 exire.
2506 2120 2609 2192 Et
2706 2143 2717 2204 ,’

659 2228 1109 2307 ,ante‘omnia
1119 2227 1244 2298 ille
1267 2249 1567 2319 quoque
1586 2227 1849 2298 vitetur
1872 2226 2223 2316 adfectae,
2250 2230 2386 2322 qui
2397 2231 2605 2317 mul-

599 2419 604 2433 ·
679 2359 792 2414 tos
818 2337 1236 2435 occupavit,
1263 2334 1495 2406 libido
1516 2335 1891 2412 moriendi.
1918 2335 2039 2431 Est
2058 2341 2257 2410 enim
2279 2388 2304 2428 ,
2330 2337 2433 2408 mi
2454 2337 2609 2410 Lu-

681 2452 837 2542 cili,
871 2466 956 2521 ut
998 2447 1094 2520 ad
1121 2448 1294 2537 alia,
1339 2446 1435 2520 sic
1468 2448 1683 2525 etiam
1722 2448 1817 2521 ad
1850 2450 2311 2525 moriendum
2348 2452 2611 2531 incon-

679 2563 862 2636 sulta
887 2558 1108 2629 animi
1149 2556 1517 2629 inclinatio
1539 2607 1563 2645 ,
1612 2581 1799 2651 quae
1835 2582 2041 2653 saepe
2078 2582 2454 2658 generosos
2488 2577 2607 2631 ats-

680 2692 828 2763 que
852 2666 1226 2739 acerrimae
1259 2665 1519 2737 indolis
1548 2667 1731 2739 viros
1767 2668 2119 2763 conripit,
2158 2692 2366 2763 saepe
2397 2669 2605 2767 igna-

678 2799 808 2851 vos
845 2774 1334 2868 iacentesquez
1371 2774 1476 2846 illi
1516 2791 1997 2873 contemnunt
2032 2776 2250 2851 vitam
2278 2826 2303 2867 ‚
2336 2775 2413 2847 hi
2442 2800 2605 2875 gra-

581 2955 584 2960 .
627 2952 634 2956 .
677 2902 958 2959 vantur.
986 2884 1364 2991 Quosdam
1397 2884 1597 2957 subit
1638 2886 1887 2965 'eadem
1914 2886 2223 2959 faciendi
2257 2886 2602 2958 videndi-

679 3020 827 3089 que
847 2994 1120 3067 satietas
1141 3042 1166 3082 ,
1203 3008 1277 3065 et
1295 2995 1481 3066 vitae
1504 3018 1659 3069 non
1686 2996 1938 3070 odium
1958 3046 1981 3083 ,
2018 2994 2144 3069 sed
2181 2995 2547 3069 fastidium
2572 3046 2601 3085 ,

675 3106 766 3179 in.
785 3103 990 3199 quod
1015 3104 1458 3198 ptolabimur
1496 3103 1641 3199 ipsa
1676 3104 2071 3199 inpellente
2104 3103 2555 3201 philosophia
2572 3132 2601 3193 3

677 3212 860 3288 dum
887 3212 1226 3283 dicimusz
1268 3216 1754 3318 „Quousque
1792 3212 2091 3285 eadem?
2136 3213 2427 3311 Nempe
2464 3237 2601 3287 ex·-

675 3322 1019 3419 pergiscar
1040 3372 1067 3409 ,
1095 3320 1490 3407 dormiam,
1530 3322 1871 3411 satiabor,
1912 3323 2207 3398 esuriam
2226 3372 2251 3410 ,
2290 3322 2549 3421 algebo
2570 3373 2597 3411 ,

674 3430 1048 3517 aestuab03
1089 3430 1355 3504 nullius
1377 3429 1479 3499 rei
1505 3428 1661 3499 finis
1694 3448 1831 3521 est,
1863 3429 2089 3503 sedin
2105 3432 2381 3503 -orbem
2403 3454 2598 3502 nexa

629 3542 646 3549 ’
673 3559 842 3615 sunt
860 3538 1134 3627 omnia3
1167 3538 1461 3639 fugiunt
1474 3561 1553 3610 ac
1574 3532 1998 3633 sequuntur.
2022 3540 2239 3613 Diem
2268 3564 2419 3613 nox
2440 3565 2597 3635 pre·

677 3650 816 3720 mit
833 3698 856 3735 ,
898 3648 1048 3723 dies
1073 3664 1402 3736 noctem3
1446 3658 1660 3721 aestas
1688 3646 1768 3743 in
1794 3664 2233 3723 autumnum
2277 3648 2540 3721 desinit
2565 3701 2608 3738 ,.

677 3772 1032 3829 autumno
1076 3756 1302 3833 hiems
1341 3757 1591 3849 instat,
1638 3782 1825 3853 quae
1869 3782 2032 3833 vere
2072 3757 2588 3855 compescitur:
