2809 4850
691 355 792 432 30
1069 331 1154 404 L.
1201 269 1653 404 mmm
1698 325 2235 406 SENECAE

597 491 608 502 ⁸
687 499 898 579 illum
917 548 942 586 ,
967 511 1327 590 quantum
1353 491 1713 588 suspicor,
1742 495 1959 566 etiam
1982 519 2218 588 quum
2246 520 2319 570 se
2345 497 2615 572 confir·

689 607 988 675 maverit
1007 618 1080 674 et
1097 601 1437 674 omnibus
1459 600 1643 672 vitiis
1665 602 1969 688 exuerit,
1990 602 2387 697 sapientem
2414 627 2615 700 quo·

690 736 837 806 que
865 726 1222 806 sequetur.
1251 710 1473 784 Nulla
1496 710 1691 784 enim
1714 711 2053 806 sapientia
2074 717 2419 786 naturalia
2447 740 2617 787 cor-

689 823 882 921 poris
933 837 1061 894 aut
1105 821 1327 896 animi
1373 820 1541 894 vitia
1579 841 1997 915 ponuntur:
2032 817 2402 918 quidquid
2444 826 2618 898 infi-

689 959 874 1007 xum
913 948 990 1004 et
1031 930 1430 1028 ingenitum
1480 947 1628 1019 est,
1668 931 1931 1004 lenitur
1954 935 2103 1004 arte
2127 982 2150 1018 ,
2190 955 2354 1004 non
2387 933 2617 1005 vinci..

688 1063 831 1118 tur.
862 1040 1314 1148 Quibusdam
1341 1043 1554 1114 etiam
1596 1041 2165 1114 constantissimis
2192 1043 2280 1116 -in
2305 1067 2614 1138 conspe-

690 1170 780 1226 tu
817 1151 1071 1247 populi
1103 1149 1318 1222 sudor
1359 1149 1715 1246 erumpit,
1753 1175 1906 1222 non
1946 1152 2147 1222 aliter
2177 1176 2401 1246 quam
2450 1152 2619 1224 fati-

691 1262 864 1361 gatis
900 1278 975 1333 et
1015 1259 1497 1333 aestuantibus
1538 1262 1752 1331 solet:
1808 1259 2244 1354 quibusdam
2285 1269 2619 1335 tremunt

693 1396 932 1472 genua
960 1369 1290 1455 dicturis3
1319 1369 1803 1462 quorumdam
1834 1369 2085 1453 dentes
2106 1370 2615 1459 conliduntur,

691 1487 938 1580 lingua
963 1479 1270 1570 titubat,
1305 1479 1495 1551 labra
1524 1493 1977 1552 concurrunt.
2022 1479 2219 1550 Haec
2247 1501 2381 1584 nec
2407 1478 2640 1550 disci--

691 1595 892 1688 plina
910 1641 937 1681 ,
963 1612 1100 1662 nec
1121 1613 1285 1662 usus
1307 1611 1661 1680 umquam
1685 1586 1962 1660 excutit
1984 1616 2000 1655 ε
2034 1586 2163 1658 sed
2190 1606 2435 1660 natura
2452 1587 2616 1672 ,vim

649 1703 656 1713 ⁴
693 1727 895 1776 suam
947 1718 1228 1774 exercet
1248 1749 1271 1788 ,
1319 1716 1392 1772 et
1438 1700 1565 1776 illo
1600 1699 1775 1776 vitio
1818 1698 1932 1772 sui
1968 1699 2181 1770 etiam
2218 1699 2621 1774 robustissi-

693 1832 852 1880 mos
891 1807 1262 1880 admonet.
1311 1799 1507 1878 Inter
1544 1808 1717 1880 haec
1758 1831 1903 1880 esse
1946 1825 2020 1879 et
2046 1809 2385 1880 ruborem
2414 1811 2560 1884 scio
2586 1861 2615 1900 ,

695 1920 827 2012 qui
869 1917 1274 2016 gravissimis
1302 1939 1610 2011 quoque
1642 1917 1804 1989 viris
1846 1917 2123 1990 subitus
2166 1917 2617 1994 adfunditur.

693 2030 916 2126 Magis
957 2029 1258 2123 quidem
1305 2027 1384 2098 in
1430 2027 1809 2100 iuvenibus
1866 2029 2195 2120 adparet,
2234 2033 2503 2124 quibus
2540 2047 2621 2104 et

691 2140 860 2232 plus
879 2136 1124 2208 caloris
1149 2150 1285 2222 est,
1319 2153 1390 2206 et
1416 2155 1659 2208 tenera
1689 2132 1919 2224 frons;
1966 2140 2195 2210 nihilo
2226 2139 2463 2213 minus
2487 2169 2647 2236 ves

493 2333 506 2350 s
623 2253 628 2258 ’
691 2261 974 2316 tetanos
995 2261 1070 2315 et
1091 2267 1284 2314 senes
1306 2243 1547 2339 tangit.
1582 2227 1903 2349 Quidam
1923 2267 2329 2339 numquam
2356 2251 2618 2376 magis,

692 2381 918 2451 quam
942 2379 1174 2449 quum
1201 2354 1639 2443 erubuerint,
1667 2355 1977 2429 timendi
1996 2373 2198 2446 sunt3
2237 2361 2431 2455 quasi
2456 2386 2619 2435 om·

693 2490 868 2538 nem
894 2464 1398 2538 verecundiam
1428 2464 1830 2537 effuderint.
1866 2465 2063 2539 Sulla
2090 2485 2267 2541 tunc
2292 2489 2439 2543 erat
2461 2471 2621 2543 vio-

693 2577 1154 2666 lentissimus,
1197 2602 1431 2670 quum
1471 2576 1721 2648 faciem
1755 2578 1903 2649 eius
1939 2580 2213 2676 sanguis
2247 2581 2619 2653 invaserat.

695 2684 901 2759 Nihil
938 2700 1084 2757 erat
1127 2684 1413 2757 mollius
1454 2710 1599 2757 ore.
1614 2684 1983 2810 Pompeii.
2002 2673 2420 2782 numquam
2453 2712 2619 2763 non.

693 2820 935 2867 coram
981 2794 1308 2891 pluribus
1343 2796 1637 2884 rubuit,
1689 2797 1945 2891 utique
1986 2797 2063 2871 in
2102 2800 2615 2875 concionibus.

694 2906 1133 2996 Fabianum,
1177 2932 1411 3001 quum
1450 2908 1527 2977 in
1564 2922 1888 2980 senatum
1942 2910 2132 2979 testis
2175 2927 2348 2982 esset
2392 2912 2620 2985 indu-

695 3033 891 3103 ctus,
917 3017 1276 3091 erubuisse
1304 3018 1643 3113 memini3
1685 3034 1759 3090 et
1790 3019 1905 3090 hic
1929 3020 2137 3093 illurn
2167 3024 2347 3094 mire
2367 3024 2617 3119 pudor

697 3124 959 3197 decuit.
987 3126 1159 3199 Non
1174 3126 1431 3199 accidit
1452 3128 1593 3201 hoc
1613 3126 1704 3217 ².b
1728 3130 2137 3203 infirmitate
2159 3134 2418 3205 mentis
2437 3136 2465 3223 '‚
2483 3134 2614 3209 sed

697 3258 738 3303 a
777 3236 1098 3311 novitate
1143 3235 1278 3321 κείς
1325 3260 1511 3327 quae
1559 3238 2051 3309 inexercitatos
2068 3289 2091 3325 ,
2138 3240 2409 3313 etiamsi
2454 3266 2617 3319 non

695 3342 1048 3427 concutit,
1073 3362 1347 3431 movet,
1373 3347 1671 3416 naturali
1689 3348 1765 3419 in
1784 3348 1921 3419 hoc
1944 3348 2274 3421 facilitate
2294 3353 2617 3451 eorporis

696 3472 998 3545 pronos·
1025 3474 1238 3537 nam,
1267 3470 1350 3523 ut
1377 3453 1671 3546 quidam
1693 3456 1870 3527 boni
1898 3460 2247 3557 sanguinis
2274 3480 2485 3550 sunt,
2510 3462 2615 3537 ita

699 3558 1041 3649 quidam
1021 3559 1293 3632 incitati
1320 3577 1393 3631 et
1417 3563 1701 3637 mobilis
1719 3614 1743 3653 ‚
1768 3582 1843 3637 et
1866 3567 2011 3639 cito
2037 3570 2111 3638 in
2136 3592 2221 3647 os
2237 3570 2617 3663 prodeun-

579 3696 586 3705 ·
698 3666 810 3737 tis.
859 3668 1084 3757 Haec,
1110 3687 1200 3743 ut
1213 3670 1393 3758 dixi,
1419 3672 1613 3746 nulla
1638 3675 1979 3768 sapientia
2006 3676 2260 3775 abigit.
2286 3676 2616 3772 alioquin

697 3774 998 3909 haberet
1007 3772 1246 3855 rerum
1272 3800 1598 3856 naturam
1618 3785 1794 3859 sub‘
1775 3788 2107 3883 imperio,
2128 3788 2185 3861 si
2202 3789 2443 3863 omnia
2466 3810 2617 3865 era-
