2809 4850
634 231 661 272 ὅ

516 343 1325 484 mus-rom
1400 377 1863 486 Lxxx'n.
2007 431 2152 513 311

212 553 584 665 existimat
598 619 620 655 ‚
648 583 723 640 et
746 567 837 640 ad
859 567 1373 641 consensionem
1400 563 1791 660 perductus
1811 564 2011 640 aliud
2039 589 2156 636 re-

212 678 567 773 spondet,
592 679 791 752 aliud
806 693 1031 775 putat.
1053 663 1516 782 Profer-itate
1540 677 1924 772 simplicius
1943 700 2156 776 agen·

213 786 411 860 dum
428 802 573 874 est3
610 803 857 863 eontra
884 801 1167 860 metum
1190 783 1464 857 fortius.
1515 785 1720 858 Haec-
1732 785 1916 881 ipsa,
1963 809 2153 880 quae

215 899 631 969 volvuntur
668 897 765 968 ab
806 896 984 984 inis,
1020 895 1303 975 solvere
1324 895 1568 966 malim
1599 912 1671 968 et
1692 897 2150 990 expandere,

213 1025 310 1078 ut
328 1007 837 1101 persuadeam5
874 1025 1029 1078 non
1059 1021 1141 1076 ut
1167 1005 1540 1100 inponam.
1570 1005 1658 1075 In
1696 1006 1924 1078 aciem
1968 1006 2149 1080 edu·

216 1130 467 1188 ctums
496 1116 894 1189 exercitum
918 1166 944 1203 ‚
972 1139 1107 1210 pro
1131 1113 1566 1212 coniugibut
1579 1139 1661 1187 ac
1689 1114 1928 1186 liberis
1953 1140 2153 1188 mor·

213 1237 379 1294 tem
416 1222 830 1313 obiturum,
859 1221 1241 1317 quomodo
1282 1221 1778 1296 exhortabitur
1797 1223 1831 1291 i’
1869 1217 1990 1296 Do
2017 1223 2152 1296 tibi

217 1331 483 1406 Fabios
500 1385 521 1423 ,
543 1350 790 1406 totum
808 1331 1242 1426 reipublicae
1265 1333 1543 1406 bellum
1570 1331 1648 1404 ln
1678 1357 1895 1406 unam
1919 1350 2148 1407 trans·-

215 1442 890 1517 ferentes’domum.
938 1444 1252 1515 Laconas
1294 1441 1432 1514 tibi
1470 1440 1774 1514 ostendo
1794 1493 1819 1532 ,
1866 1441 1946 1512 in
1987 1442 2152 1538 ipsis

220 1549 884 1650 Thermopylarum
910 1552 1245 1652 angustiis
1268 1549 1536 1644 positos
1559 1578 1580 1621 ε
1616 1571 1751 1624 nec
1776 1551 2151 1626 victoriam

220 1679 510 1758 sperant
528 1712 553 1750 ,
598 1687 736 1738 nec
774 1662 1134 1748 reditum3
1172 1662 1293 1732 ille
1326 1662 1526 1746 locus
1561 1660 1696 1732 illis
1735 1663 2150 1757 sepulcrum

220 1773 507 1850 futurus
527 1791 650 1846 est.
686 1771 1335 1889 Quemadmodum
1362 1771 1787 1859 exhortaris,
1829 1791 1912 1844 ut
1930 1775 2155 1846 totius

222 1881 451 1979 gentis
461 1883 742 1954 ruinam
766 1881 1063 1955 obiectis
1084 1875 1510 1979 corporibus
1536 1879 1932 1973 excipiant,
1963 1898 2038 1953 et
2057 1881 2155 1954 vi-

222 2006 299 2062 ta
320 1990 591 2086 potius,
620 2015 840 2084 quam
860 1992 1051 2077 loco,
1076 1988 1374 2062 cedant?
1406 1988 1660 2060 Dices?
1645 1987 1885 2103 Quod
1905 1989 2151 2062 malum

199 2103 371 2178 'est
392 2103 749 2197 gloriosum
776 2127 902 2174 non
928 2118 1065 2174 esu
1096 2119 1271 2170 mors
1290 2100 1586 2194 gloriosa-
1609 2116 1747 2174 est.-
1804 2125 1974 2172 mors
1993 2125 2151 2196 ergo

223 2237 354 2286 non
401 2212 669 2283 malum.
708 2212 785 2282 O
835 2212 1191 2284 efficacem
1236 2208 1710 2283 concionem!
1764 2210 1948 2314 Quis
1986 2226 2153 2306 post

222 2320 408 2392 hanc
435 2318 727 2392 dubitet
756 2343 829 2392 se
858 2318 1183 2395 infestis
1160 2341 1481 2418 mgerere
1523 2321 2152 2412 mucronibus,et

222 2446 413 2501 stans
432 2428 649 2501 mori!
680 2424 777 2501 At
796 2430 917 2502 ille
936 2428 1286 2503 Leonidas
1306 2453 1530 2525 quam
1549 2427 1832 2502 fortiter
1845 2428 2002 2503 illos
2025 2429 2152 2503 ad.

221 2541 577 2633 loquutus
592 2540 741 2611 est?
774 2540 925 2617 Sic,
952 2540 1224 2635 inquit,
1258 2541 1753 2617 conmilitones.
1789 2541 2152 2641 prandete

222 2663 552 2745 tamquam
572 2648 746 2747 apud
764 2648 1011 2747 inferos
1048 2652 1446 2723 coenaturi!
1479 2650 1698 2723 Non
1681 2672 1758 2721 m
1781 2674 1905 2729 ore
1928 2652 2152 2733 crevit

111 2792 122 2800 -
218 2755 425 2829 cibus
440 2807 464 2843 ,
491 2778 645 2826 non
667 2756 930 2827 haesit
913 2780 991 2825 m
1017 2755 1381 2845 faucibus,
1410 2780 1564 2829 non
1585 2760 2151 2853 elapsusestma·

220 2863 474 2951 nibus;
518 2865 774 2937 alacres
800 2862 905 2934 illi
928 2878 1003 2933 et
1028 2864 1120 2935 ad
1142 2862 1528 2958 prandium
1563 2866 2044 2959 promiserunt
2071 2880 2147 2940 et

130 2990 141 3073 J
220 2974 320 3047 ad
344 2995 660 3046 coenam.
698 2969 958 3077 Quid?
982 2969 1137 3041 dux
1160 2971 1281 3042 ine
1308 2970 1713 3061 Romanus,
1742 2975 1872 3066 qui
1897 2974 1991 3046 ad
2022 2978 2178 3048 oc·'

222 3084 655 3181 capati-dum
692 3086 945 3156 locum
986 3082 1247 3154 milites
1286 3082 1530 3155 missos
1550 3132 1574 3173 ,
1612 3102 1846 3177 quum
1872 3110 2006 3181 per
2035 3086 2152 3159 in·-

222 3215 511 3295 gentem
544 3193 861 3267 hostium
888 3193 1284 3265 exercitum
1310 3190 1478 3264 ituri
1515 3212 1778 3283 essent,
1809 3197 1906 3270 sic
1943 3196 2151 3287 adlo-

224 3321 499 3399 quutus
524 3320 662 3377 est:
693 3306 847 3379 Ire.
879 3304 1377 3379 commilitones.
1411 3304 1526 3400 illo
1547 3329 1793 3377 necesse
1815 3323 1946 3381 est,
1983 3306 2151 3379 unde

228 3414 441 3487 redir'e
468 3440 597 3487 non
626 3431 725 3489 est
749 3416 1041 3489 necesse!
1082 3412 1305 3516 Vides
1338 3414 1890 3509 quamsimplex
1915 3436 1987 3487 et
2012 3416 2152 3487 im-

222 3527 499 3624 periosa
525 3524 767 3598 Virtus
802 3526 911 3599 sit.
966 3526 1217 3633 Quem
1261 3528 1686 3621 mortalium,
1709 3520 2152 3602 circumseri*-

224 3638 511 3733 ptiones
542 3654 809 3723 vestrae
851 3636 1227 3709 fortiorem
1271 3636 1538 3726 faeere,
1584 3652 1820 3730 quem
1848 3637 2150 3709 erectio·

224 3768 379 3820 rem
409 3749 753 3841 possunt?
783 3746 1149 3846 Frangunt
1174 3747 1538 3833 animum3
1583 3751 1712 3842 qui
1740 3772 2144 3843 numquam

228 3860 471 3931 minus
500 3856 1031 3933 contrahendus
1069 3872 1175 3973 est
1207 3872 1281 3931 et
1326 3856 1408 3929 in
1439 3855 1722 3930 minuta
1749 3880 1843 3931 ac·
1863 3858 2145 3953 spinosa
