2809 4850
733 435 828 488 υ
1066 405 1685 486 LANNAEI
1744 390 2320 480 SENECAE

733 585 994 640 eunus
1017 591 1160 655 eos,
1190 569 1320 662 qui
1340 568 1595 638 dicunt
1620 567 2011 662 sapientem
2034 591 2108 636 se
2133 563 2291 660 ipso
2318 583 2662 636 essescon·

733 695 1018 750 tentum
1042 731 1064 768 ,
1093 697 1166 751 et
1194 694 1494 776 propter
1524 680 1665 750 hoc
1690 678 1923 750 amico
1956 700 2109 748 non
2136 676 2494 774 indigere,
2530 673 2663 746 de·

721 788 988 861 sideras
1037 787 1231 862 scire.
1292 789 1458 860 Hoc
1506 779 1847 860 obiicitur
1896 783 2209 879 Stilponi
2247 787 2337 855 ab
2360 823 2367 828 ·
2391 783 2661 876 Epicu-

733 923 818 972 ro
835 951 858 988 ,
887 921 962 970 et
985 901 1090 971 his
1118 898 1390 993 quibus
1420 923 1787 972 summum
1810 897 2093 969 bonum
2114 895 2347 968 visum
2380 911 2483 965 est
2505 893 2661 964 ani-

730 1027 895 1077 mus
939 1005 1334 1100 impatiens.
1395 1006 1537 1100 (In
1584 1005 2128 1102 ambiguitatem
2180 1001 2664 1075 incidendum

733 1105 874 1203 est‚'
911 1117 967 1186 si
993 1116 1393 1212 exprimere
1422 1105 1861 1191 ἀπάθειαν
1902 1137 2054 1187 uno
2094 1113 2319 1185 verbo
2352 1112 2497 1184 cito
2526 1135 2665 1182 vo-

729 1227 1109 1312 luerimus,
1129 1245 1200 1297 et
1223 1227 1695 1324 impatientiam
1717 1227 1968 1297 dicere.
1992 1221 2264 1296 Poterit
2279 1222 2475 1295 enim
2498 1241 2667 1296 con·

728 1337 1024 1408 trarium
1067 1337 1172 1424 ei,
1219 1337 1429 1429 quod
1474 1337 1859 1433 significare
1907 1338 2285 1422 volumus,
2331 1330 2661 1430 intelligi.

727 1443 887 1518 Nos
912 1469 1081 1516 eum
1111 1446 1445 1516 volumus
1472 1444 1708 1517 dicere
1726 1495 1748 1532 ‚
1786 1445 1913 1538 qui
1932 1444 2202 1538 respuit
2232 1443 2465 1515 omnis
2484 1437 2663 1512 mali

730 1576 1059 1625 sensum:
1111 1554 1498 1647 accipietur
1543 1556 1597 1624 is
1616 1607 1638 1643 ,
1667 1555 1816 1648 ‚qui
1864 1557 2153 1626 nullum
2209 1553 2390 1626 ferre
2436 1555 2665 1647 possit

725 1663 1027 1736 malum.
1062 1661 1252 1735 Vide
1279 1688 1449 1760 ergo
1468 1714 1491 1751 ,
1526 1685 1707 1737 num
1739 1665 1945 1734 satius
1975 1664 2063 1734 sit
2086 1714 2110 1751 ,
2140 1680 2264 1735 aut
2287 1663 2667 1736 invulnera-

733 1771 918 1840 bilem
947 1774 1232 1842 animum
1268 1770 1502 1842 dicere
1522 1823 1546 1859 ‚
1578 1791 1703 1844 aut
1727 1777 2237 1844 animum'extra
2272 1796 2517 1842 omnem
2537 1798 2665 1870 pa-

732 1880 1026 1952 rientiam
1058 1884 1404 1979 positum.)
1454 1883 1617 1954 Hoc
1658 1879 1847 1954 inter
1869 1891 2002 1956 nos
2030 1899 2103 1954 et
2140 1881 2302 1955 illos
2326 1862 2659 1954 interest:

731 2005 974 2059 noster
1007 1992 1281 2082 sapiens
1307 1989 1528 2062 vin'cit
1567 1991 1868 2084 quidem
1897 1989 2455 2070 incommodum
2494 2015 2665 2061 om-

729 2120 868 2182 ne,
897 2097 1016 2167 sed
1046 2101 1300 2186 sentit3
1344 2100 1635 2172 illorum
1660 2154 1682 2191 ,
1730 2129 1824 2175 ne
1851 2105 2067 2176 sentit
2094 2104 2419 2197 quidem.
2458 2099 2663 2172 Illud.

729 2205 947 2275 nobis
968 2223 1040 2280 et
1069 2208 1204 2280 iuis
1232 2219 1629 2284 commune
1654 2231 1755 2284 est
1779 2264 1802 2300 ,
1848 2214 2238 2307 sapientem
2270 2237 2343 2282 se
2370 2212 2523 2306 ipso
2553 2233 2664 2279 es·

731 2337 806 2384 ee
826 2332 1252 2408 contentum
1283 2345 1300 2386 ε
1328 2319 1452 2390 sed
1477 2338 1717 2392 tamen
1748 2339 1821 2392 et
1844 2321 2157 2394 amicum
2184 2319 2446 2392 h'abere
2470 2317 2664 2403 vult,

735 2438 810 2497 et
835 2428 1148 2497 vicinum
1177 2477 1200 2515 ‚
1232 2448 1304 2501 et
1331 2434 1925 2508 contubernalem
1944 2485 1967 2521 ,
2000 2433 2323 2527 quamvis
2348 2423 2480 2505 sibi
2507 2432 2665 2524 ipse

731 2534 1046 2607 sufficiat.
1093 2536 1286 2609 Vide
1329 2563 1549 2631 quam
1588 2543 1677 2613 sit
1706 2566 1778 2614 se
1810 2558 2229 2627 contentus3
2262 2536 2665 2633 aliquando

732 2642 840 2714 sui
866 2662 1068 2735 parte
1099 2662 1485 2717 contentus
1511 2664 1650 2735 est,
1678 2651 1734 2719 si
1762 2650 1863 2723 illi
1891 2672 2189 2723 manum
2210 2665 2335 2721 aut
2356 2647 2669 2719 morbus

731 2774 861 2829 aut
884 2756 1108 2835 hostia
1135 2758 1495 2829 exciderit.
1532 2758 1602 2830 Si
1636 2762 1796 2853 quis
1820 2766 2119 2837 oculum
2149 2787 2306 2836 casu
2336 2780 2667 2833 excusse-

693 2876 701 2883 ’
731 2861 824 2935 rit
843 2913 866 2947 ‚
895 2864 1236 2956 reliquiae
1261 2866 1362 2935 illi
1390 2863 1556 2937 suae
1580 2868 2033 2957 satisfacieut3
2077 2890 2149 2941 et
2175 2870 2308 2942 erit
2338 2870 2667 2941 inminu-

729 2988 816 3044 to
849 2996 1151 3067 corpore
1195 2992 1270 3047 et
1297 2996 1685 3073 amputato
1721 3000 1867 3052 tam
1905 2983 2172 3069 laetus,
2205 3004 2430 3075 quam
2468 2979 2667 3049 inte·-

724 3107 863 3183 gro
901 3082 1056 3157 fuit.
1106 3082 1299 3179 Sed,
1335 3112 1522 3179 quae
1556 3090 1694 3159 sibi
1735 3090 2038 3179 desunt,
2070 3113 2223 3163 non
2266 3090 2661 3176 desiderat-3

714 3216 886 3265 mon
925 3194 1162 3265 deesse
1187 3200 1485 3267 mavult.
1527 3198 1633 3268 Ita
1666 3202 1940 3293 sapiens
1975 3225 2047 3270 se
2078 3218 2465 3272 contentus
2510 3216 2659 3285 est,

727 3326 883 3381 non
915 3326 998 3375 ut
1011 3308 1189 3377 velit
1203 3331 1345 3377 esse
1363 3307 1514 3378 sine
1538 3310 1771 3387 amico
1792 3362 1815 3397 ,
1839 3310 1961 3381 sed
1992 3329 2074 3382 ut
2094 3312 2351 3405 possit3
2385 3329 2458 3383 et
2482 3312 2657 3401 hoc,

725 3413 942 3506 quod
966 3414 1169 3499 dico,
1213 3416 1465 3509 possit,
1506 3417 1644 3487 tale
1685 3436 1821 3489 est:
1872 3418 2203 3491 amissum
2232 3446 2467 3517 aequo
2507 3422 2663 3491 ani·
2710 3433 2718 3449 “

727 3518 857 3590 rno
895 3518 1050 3591 fert.
1095 3516 1262 3591 Sine
1303 3526 1534 3595 amico
1580 3526 1882 3618 quidem
1924 3550 2331 3623 numquam
2373 3530 2545 3602 erit:
2578 3530 2659 3600 in

726 3652 850 3697 sua
877 3644 1225 3721 potestate
1256 3629 1505 3719 habet,
1552 3653 1775 3724 quam
1798 3635 1941 3707 cito
1977 3654 2272 3731 reparet.
2307 3636 2661 3741 Quomo-

729 3736 869 3823 do,
913 3741 965 3807 si
992 3740 1378 3834 perdiderit
1413 3742 1698 3814 Phidias
1724 3762 2024 3817 statuam
2048 3796 2071 3832 ,
2118 3745 2446 3839 protinus
2471 3748 2656 3819 alte-

721 3873 878 3925 ram
912 3849 1158 3924 faciet:
1209 3856 1304 3929 sic
1337 3874 1412 3927 et
1438 3853 1594 3947 hic,
1644 3856 2133 3933 faciendarum
2177 3852 2651 3949 amicitiarum
