2809 4850
720 374 854 427 ιη
966 429 973 434 ,
1070 344 1154 418 L.
1204 313 1666 418 ANNAE‘r
1724 333 2265 413 SENECAE

708 503 1019 602 peranda
1042 518 1254 578 sunt=
1292 527 1466 575 nam
1507 496 2136 596 queniadmodum
2183 495 2488 594 sapienti
2533 497 2644 569 vi-

706 639 791 688 to
810 619 1107 688 incessus
1130 613 1529 688 modestior
1563 610 1910 720 convenit!
1920 634 1943 697 3
1977 609 2078 682 ita
2101 609 2328 682 oratio
2352 631 2594 701 pressa
2609 655 2640 697 ,

706 749 859 797 non
902 726 1160 798 audax.
1206 723 1511 796 Summa
1547 747 1713 824 ergo
1749 745 2196 794 summarum
2234 721 2414 792 haec
2449 719 2594 792 erit
2613 744 2636 791 z

706 834 1203 930 tardiloquum
1229 851 1301 906 te
1329 858 1470 906 esse
1509 833 1754 906 iubeo.
1794 830 1998 904 Vale.

1176 1002 1828 1079 EPISTOLA
1905 1003 2127 1075 XLI.

713 1153 768 1210 0
790 1151 1079 1224 pulchram,
1103 1153 1359 1222 altamque
1384 1150 1683 1220 epistolam!
1711 1151 1877 1204 Deum
1899 1148 1954 1201 in
1983 1147 2132 1202 nobis
2167 1146 2424 1209 habitare,
2449 1159 2507 1200 et
2533 1147 2642 1202 bo·

838 1248 962 1283 num
983 1230 1148 1284 virum
1178 1230 1287 1283 sine
1315 1246 1379 1283 eo
1401 1231 1596 1283 nullum
1629 1245 1764 1284 esse.
1802 1229 2046 1283 Colman
2070 1227 2240 1296 ipsum
2255 1264 2273 1294 ‚
2293 1240 2352 1280 et
2375 1225 2638 1288 animum,

838 1310 927 1378 qui
950 1311 1013 1362 ab
1035 1310 1127 1362 illo
1144 1309 1422 1364 deseendit.
1445 1310 1590 1363 lneo
1609 1309 1813 1378 propria
1831 1307 2159 1366 nombona
2177 1305 2643 1363 ‚munuae-mi·

832 1390 1017 1446 aliena.
1041 1389 1241 1444 Bonum
1258 1401 1456 1454 auten,
1473 1402 1613 1446 rece
1637 1388 1815 1454 Ratio.

1088 1540 1432 1614 SENECA
1481 1543 1745 1615 Lucilio.
1769 1568 1883 1615 suo
1922 1541 2240 1616 Salutem.

708 1643 819 1778 F
821 1721 991 1776 Acls
1022 1727 1176 1776 rem
1210 1705 1602 1799 optimam,
1645 1722 1718 1780 et
1757 1704 1894 1777 tibi
1931 1707 2354 1795 salutarem,
2401 1705 2504 1796 si,
2544 1721 2636 1778 ut

708 1812 984 1900 scribis,
1010 1836 1408 1908 perseveras
1434 1815 1534 1886 ire
1559 1814 1654 1886 ad
1685 1815 1955 1887 bonam
1992 1835 2357 1904 mentem3
2407 1839 2636 1910 quam

644 2003 651 2012 ,
708 1926 1015 1998 stultum
1064 1940 1169 1998 est
1202 1942 1450 2019 optare
1472 1976 1495 2012 ‚
1541 1949 1776 2018 quum
1815 1929 2031 2020 possis
2057 1951 2098 1997 a
2122 1944 2197 2000 te
2230 1929 2640 2022 impetrare.

708 2031 883 2104 Non
908 2047 1077 2102 sunt
1100 2029 1196 2104 ad
1219 2027 1512 2104 coelum
1545 2032 1932 2116 elevandae
1957 2059 2246 2122 manus,
2291 2057 2426 2106 nec
2451 2057 2641 2105 exo-

706 2141 968 2210 randus
989 2139 1316 2211 aedituus
1330 2191 1353 2228 ,
1389 2157 1477 2213 ut
1497 2165 1630 2240 nos
1647 2142 1744 2213 ad
1767 2165 2013 2214 aurem
2037 2141 2430 2228 simulacri,
2451 2165 2638 2236 qua-

706 2250 765 2318 ei
802 2248 1023 2344 magis
1066 2247 1385 2320 exaudiri
1423 2238 1810 2346 possimus,
1854 2252 2220 2326 admittatt
2255 2264 2488 2348 prope
2527 2267 2638 2324 est

706 2385 752 2433 a
780 2375 855 2433 te
884 2359 1119 2447 Deus,
1150 2379 1394 2433 tecum
1421 2377 1564 2450 est,
1588 2362 1781 2435 intus
1806 2363 1947 2435 est!
1979 2362 2085 2437 Ita
2110 2362 2276 2436 dico
2298 2412 2323 2452 ,
2353 2361 2629 2443 Luciliz

708 2492 896 2547 sacer
914 2471 1098 2542 intra
1122 2492 1254 2573 nos
1276 2471 1564 2563 spiritus
1589 2471 1828 2561 sedet,
1850 2475 2208 2561 malorum
2227 2472 2636 2545 bonorum·

708 2604 863 2675 que
884 2580 1295 2654 nostrorum
1334 2580 1747 2655 observator
1781 2598 1856 2653 et
1884 2598 2154 2669 custos3
2202 2582 2356 2671 hic,
2381 2602 2638 2675 ·ptout

706 2716 749 2765 a
784 2691 997 2765 nobis
1030 2707 1362 2765 tractatus
1402 2709 1544 2781 est,
1589 2692 1686 2765 ita
1726 2716 1860 2763 nos
1889 2696 2038 2787 ipse
2063 2706 2333 2791 tractat.
2385 2690 2635 2762 Bonus

679 2802 819 2885 ‘vir
861 2802 1013 2874 sine
1040 2801 1203 2874 Deo
1243 2826 1463 2875 nemo
1505 2820 1628 2875 est.
1677 2803 1816 2877 An.
1837 2820 2072 2897 potest
2111 2802 2386 2897 aliquis>
2411 2823 2630 2895 supra

710 2912 1118 3007 fortunam,
1164 2912 1295 2984 nisi
1336 2914 1430 2985 ab
1467 2913 1595 2984 illo
1639 2912 1971 3000 adiutus,
2025 2911 2452 3009 exsurgere?
2479 2912 2632 2983 Ille

710 3022 837 3093 dat
886 3020 1178 3093 consilia
1220 3019 1592 3119 magnifica
1627 3037 1702 3093 et
1740 3036 1989 3093 erecta.
2033 3020 2119 3091 In
2147 3014 2633 3116 'unoquoque

710 3132 1027 3216 virorum
1058 3130 1426 3204 bonorum
2235 3160 2240 3163 ·

810 3242 993 3337 (quis
1020 3238 1244 3317 Deus.
1281 3244 1600 3313 incertum
1625 3241 1758 3334 est)
1789 3239 2046 3311 habitat
2069 3238 2300 3311 Deus!
2327 3268 2422 3293 --·
2449 3284 2454 3291 -

710 3346 787 3421 Si
808 3348 941 3417 tibi
982 3347 1600 3419 occurrit-vetustis
1629 3346 2004 3417 arboribus
2039 3362 2114 3419 et
2151 3348 2432 3419 solitam
2467 3342 2634 3419 alti'-

710 3456 1045 3529 tudinem
1073 3455 1348 3553 egressis
1387 3454 1723 3549 frequens
1755 3458 1960 3529 lucus
1979 3508 2002 3544 ,
2053 3474 2126 3530 et
2153 3474 2633 3552 conspectum

620 3566 635 3595 '⁵
710 3566 897 3639 coeli
931 3567 1276 3639 densitate
1312 3590 1674 3639 ramorum
1715 3567 2019 3639 aliorum
2042 3568 2632 3665 alios-protegen·-

709 3672 897 3745 tium
938 3675 1410 3761 submovens;
1468 3676 1586 3747 illa
1625 3675 2002 3769 proceritas
2039 3676 2252 3747 silvae
2279 3692 2358 3747 et
2399 3696 2632 3747 secre-

712 3795 878 3854 tum
929 3786 1067 3857 loci
1092 3836 1117 3877 ,
1162 3800 1239 3860 et
1276 3785 1651 3859 admiratio
1694 3784 1990 3859 umbrae
2007 3837 2031 3876 ,
2077 3786 2154 3855 in
2189 3800 2440 3880 aperto
2477 3800 2635 3857 tam

2179 4108 2206 4139 0
