2809 4850
474 299 1293 428 misi-om
1363 354 1782 436 Lxxv1.
1900 391 2087 470 '273

156 519 345 593 nihil
386 535 760 596 cunctatus
799 519 1074 596 desiliet
1115 521 1192 594 in
1225 539 1584 616 mortem,
1626 524 1855 600 facere
1880 547 2090 606 recte

157 631 434 724 pieque
454 646 854 704 contentus.
891 632 1214 728 Oppone
1233 633 1451 708 etiam
1467 657 1671 706 -nunc
1696 635 1799 706 illi
1824 637 2054 712 multa
2069 689 2097 731 ,

157 763 350 833 quae
371 739 860 814 dehortentur.
920 742 1094 814 Die:
1124 741 1396 816 factum
1428 759 1647 816 tuum
1677 762 1953 818 matura
1984 769 2097 820 se·-
2124 823 2143 833 Ι

156 864 432 941 quetur
449 849 749 937 oblivio,
769 867 842 922 et
859 875 1112 945 parum
1129 868 1318 950 grata
1339 853 1766 926 existimatio
1780 855 2048 930 civium
2066 858 2087 929 l

156 957 654 1054 Respondebit
695 959 870 1032 tibi:
914 960 1043 1032 ista
1087 963 1331 1034 omnia
1373 983 1569 1038 extra
1611 988 1799 1060 opus
1839 987 2093 1042 meum

159 1088 367 1171 sunt3
403 1095 538 1170 ego
561 1070 817 1168 ipsum‘
837 1073 1333 1166 contemplor:
1367 1073 1509 1145 hoc
1534 1097 1679 1148 esse
1705 1075 2095 1152 honestum

151 1178 346 1264 sci03
379 1179 623 1273 itaque
639 1229 664 1268 ,
695 1203 1170 1274 quocumque
1197 1179 1399 1254 ducit
1422 1189 1505 1254 ac
1530 1200 1779 1272 vocat,
1801 1186 2041 1258 venio.

279 1285 443 1357 Hoc
487 1309 654 1383 ergo
707 1309 941 1356 unum
983 1284 1271 1374 Bonum
1317 1305 1455 1374 est,
1496 1289 1707 1381 quod
1744 1313 1897 1364 non
1937 1307 2101 1366 tan..

161 1410 330 1467 tum
373 1393 728 1489 perfectus
765 1396 1080 1484 animus,
1109 1394 1234 1472 sed
1266 1419 1643 1494 generosus
1670 1424 1977 1493 quoque
2019 1417 2097 1473 et

157 1504 428 1577 indolis
465 1504 700 1578 bonae
733 1505 990 1592 sentit3
1049 1523 1279 1578 cetera
1307 1507 1489 1578 levia
1526 1524 1734 1596 sunt,
1776 1513 2098 1585 mutabi-

159 1618 276 1689 lia.
327 1615 582 1710 Itaque
619 1613 918 1688 sollicite
961 1613 1451 1710 possidentur:
1488 1616 1705 1688 etiam
1742 1618 1799 1690 si
1843 1619 2095 1694 faven-

159 1743 238 1800 te
269 1725 562 1800 fortuna
594 1726 678 1796 'in
706 1749 937 1803 unum
985 1741 1319 1824 congesta
1357 1743 1530 1800 sunt
1552 1778 1576 1814 ,
1610 1727 1927 1802 dominis
1950 1734 2096 1804 suis
2178 1816 2184 1819 ,

157 1836 605 1912 incumbunt
629 1837 860 1934 gravia
885 1887 909 1925 ,
939 1855 1012 1908 et
1039 1838 1196 1913 illos
1231 1861 1511 1932 semper
1532 1857 1881 1932 premunt
1898 1891 1925 1929 ,
1964 1843 2099 1915 ali-

155 1951 468 2045 quando
489 1967 564 2024 et
585 1950 888 2024 elidunt.
934 1947 1180 2022 Nemo
1206 1949 1464 2021 existis
1478 1997 1505 2038 ,
1528 1973 1713 2043 quos
1736 1975 2103 2046 purpura·

154 2080 275 2134 tos
303 2061 550 2149 video,
594 2059 770 2136 felix
813 2076 954 2147 est,
998 2082 1154 2131 non
1195 2059 1457 2156 magis,
1515 2083 1735 2152 quam
1776 2085 1867 2132 ex
1908 2061 2046 2134 illis
2072 2112 2101 2150 ,

155 2170 430 2265 quibus
455 2185 820 2263 sceptrum
855 2185 928 2242 et
971 2167 1428 2263 chlamydem
1460 2167 1542 2238 in⁴
1576 2193 1779 2242 scena
1806 2169 2097 2243 fabulae

151 2281 565 2379 adsignant=
606 2303 881 2372 quum,
915 2295 1281 2386 praesente
1305 2279 1589 2371 populo
1618 2327 1642 2365 ,
1669 2278 1834 2350 elati
1866 2275 2097 2351 inces-

153 2407 404 2464 serunt
429 2407 502 2463 et
521 2389 964 2476 cothurnati3
1021 2388 1232 2459 simul
1261 2387 1625 2476 exierunt,
1678 2389 2097 2463 excalcean-

151 2522 326 2591 tur,
373 2518 448 2573 et
481 2502 572 2573 ad
613 2520 950 2573 staturam
999 2524 1202 2571 suam
1241 2498 1574 2571 redeunt.
1612 2498 1873 2573 ..Nemo
1920 2504 2095 2575 isto-

152 2638 324 2708 rum
352 2664 374 2701 ,
401 2634 588 2706 quos
625 2611 914 2684 divitiae
953 2578 1455 2702 honoresque
1433 2631 1511 2680 ln
1542 2608 1791 2681 altiore
1808 2606 2095 2707 fastigio

151 2740 492 2819 ponunt,
536 2746 835 2818 magnus
879 2740 999 2792 est.
1056 2722 1300 2825 Quare
1339 2728 1512 2817 e‘rgo
1542 2744 1840 2818 magnus
1886 2723 2097 2793 vide-

151 2835 330 2907 tur?
357 2832 548 2903 Cum
573 2828 718 2903 basi
741 2830 950 2899 illum
983 2852 1106 2900 sua
1131 2829 1433 2899 metiris!
1485 2829 1785 2923 Magnus
1806 2852 1963 2903 non
1987 2846 2103 2903 est.

153 2944 518 3045 pumilio,
553 2940 762 3017 licet
745 2964 822 3011 m
859 2958 1110 3012 monte
1136 2938 1565 3025 constiterit3
1602 2939 1913 3012 colossus
1936 2966 2095 3015 ma·-

155 3053 624 3156 gnitudinem
651 3074 852 3123 suam
873 3049 1204 3134 servabit,
1240 3046 1454 3119 etiam
1478 3046 1533 3117 si
1559 3046 1834 3119 steterit
1851 3048 1928 3119 in
1952 3074 2096 3144 pu·-

155 3183 310 3237 teo.
343 3163 504 3234 Hoc
541 3150 949 3231 laboramus
979 3181 1256 3250 errore,
1307 3158 1402 3228 sic
1434 3156 1686 3229 nobis
1670 3157 2091 3251 mponitur.

159 3270 380 3367 quod
410 3268 779 3340 neminem
820 3266 1267 3338 aestimamus
1289 3256 1378 3335 eo
1409 3260 1617 3359 quod
1638 3280 1779 3353 est,
1809 3267 1933 3338 sed
1960 3266 2096 3339 ad·-

160 3381 446 3455 iicimus
493 3379 595 3451 illi
636 3394 710 3449 et
755 3402 882 3466 ea,
911 3378 1210 3471 ‘quibus
1257 3374 1639 3449 adornatus
1684 3392 1805 3447 est.
1860 3374 2095 3473 Atqui

163 3512 412 3587 quum
441 3491 638 3562 voles
666 3512 906 3560 veram
933 3488 1244 3561 hominis
1279 3478 1846 3559 aestimationem
1869 3488 2049 3560 inire
2064 3524 2101 3578 ‚-

166 3619 246 3673 et
265 3600 443 3675 scite
487 3600 713 3696 qualis
751 3599 841 3670 sit
862 3648 886 3686 ,
933 3597 1222 3670 nudum
1264 3599 1555 3692 inspice.
1607 3600 1835 3671 Ponat
1877 3598 2117 3692 patri·-¹

163 3710 548 3802 monium,
591 3725 819 3805 ponat
857 3710 1204 3797 honores,
1241 3723 1316 3779 et
1353 3709 1484 3779 alia
1524 3706 1863 3780 fortunae
1888 3698 2098 3781 men-

173 3820 408 3908 dacia3
429 3812 688 3920 corpus
709 3823 948 3917 ipsum
967 3836 1182 3899 exuat
1204 3848 1220 3890 ι
1243 3820 1573 3894 animum
1604 3819 1915 3908 intuere,
1934 3840 2103 3915 qua·

363 3929 423 4001 1.
1574 3925 1663 3997 18
