2809 4850
1241 195 1260 226 ,
1330 179 1334 186 .

761 383 862 450 20·
1041 312 1054 324 ⁸
1123 370 1205 442 L.
1259 363 2357 449 ANNAEISENECAE

759 519 1055 632 quidem
1089 532 1292 618 licet,
1335 540 1569 624 quntn
1612 532 1853 626 coepit
1884 517 2305 606 trffnsversos
2336 551 2545 630 agere
2572 533 2679 606 fe·

754 647 992 724 licitas.
1037 641 1188 714 Aut
1227 639 1472 711 saltem
1514 639 1761 727 rectis,
1806 657 1930 711 aut
1957 631 2174 713 semel
2206 644 2445 740 ruere!
2498 642 2677 716 Non

753 754 969 829 vertit
987 751 1319 839 fortuna,
1347 747 1473 820 sed
1500 750 1821 820 cernulat
1843 765 1914 819 et
1947 747 2219 819 adlidit.
2262 727 2471 822 Hanc
2499 775 2671 849 ergo

750 888 988 940 sanam
1027 877 1104 932 et
1137 859 1489 932 salubrem
1524 853 1829 928 foratam
1869 858 2058 928 vitae
2094 871 2383 947 tenete,·
2410 878 2495 930 ut
2516 886 2678 932 cor·
2764 921 2771 930 .

748 970 910 1074 poi-i
943 989 1226 1046 tantum
1263 966 1718 1069 indulgeati3‚
1754 986 2109 1062 quantum
2139 969 2377 1042 bonae
2410 973 2676 1046 valitu-

747 1083 904 1160 dini
929 1083 1086 1156 satis
1125 1095 1248 1154 est.
1284 1081 1553 1152 Durius
1590 1077 2059 1178 tractandum·
2088 1094 2237 1168 est,
2284 1103 2378 1152 ne
2419 1082 2673 1154 animo

747 1196 934 1266 male
960 1208 1232 1285 pareat:
1281 1187 1485 1260 cibus
1518 1185 1782 1259 famem
1809 1186 2047 1274 sedet,
2088 1187 2297 1282 potio
2318 1188 2509 1262 sitim
2548 1214 2675 1262 ex-

745 1305 1094 1404 stfmguat,
1140 1299 1346 1372 vestis
1376 1314 1605 1370 arceat
1643 1296 1902 1395 frigus,
1946 1297 2209 1370 domus
2247 1301 2673 1390 munimen-

719 1430 906 1502 ‚tum
935 1413 1024 1482 sit
1047 1410 1375 1482 adversus
1401 1406 1651 1480 infesta
1668 1405 1975 1500 corpori.
2008 1407 2213 1478 Hanc
2240 1423 2492 1506 'utrum
2508 1435 2671 1482 cae·

743 1549 898 1621 spes
927 1523 1230 1597 erexerit
1252 1572 1275 1609 ,
1311 1543 1404 1590 an
1429 1520 1656 1589 varius
1682 1519 1854 1610 lapis
1876 1516 2103 1615 gentis
2133 1516 2403 1590 alienae
2421 1570 2445 1608 ,
2480 1522 2668 1591 nihil

743 1633 1067 1721 inteteste
1099 1631 1350 1702 scitote
1366 1647 1515 1700 tam
1539 1629 1727 1713 bene
1748 1627 2116 1698 hominem
2141 1629 2414 1717 culmo,
2437 1653 2667 1722 quam

740 1763 914 1820 auro
947 1746 1113 1842 tegi.
1149 1740 1615 1814 Contemnite
1644 1739 1916 1828 omnia,
1954 1763 2141 1832 quae
2175 1763 2663 1870 supervacuus

737 1861 942 1932 labor
962 1858 1164 1928 velut
1195 1867 1698 1925 ornamentum
1726 1872 1807 1922 ac
1850 1851 2066 1923 decus
2094 1847 2324 1943 ponit.
2366 1851 2663 1952 Cogita..

735 1979 811 2041 te
831 2017 854 2056 ,
902 1966 1084 2046 nihil
1114 1980 1402 2058 praeter
1423 1961 1749 2032 animum
1788 1986 1931 2034 esse
1962 1961 2317 2053 mirabile3
2359 1963 2477 2036 cui
2504 1987 2661 2035 ma.

733 2092 884 2177 ‘gno
909 2075 1090 2144 nihil
1119 2096 1463 2168 magnum
1486 2085 1629 2141 est
1613 2073 1628 2118 ⁸
1661 2078 1716 2116 ‘⁶

831 2183 906 2255 si
933 2184 1104 2252 haec
1131 2203 1421 2252 mecum
1446 2227 1471 2266 ,
1518 2178 1571 2250 εἰ
1613 2200 1784 2250 cum
1812 2177 2107 2282 postem
2138 2180 2407 2273 loquor
2425 2232 2452 2269 ,
2494 2203 2657 2255 non

729 2295 988 2369 videor
1017 2290 1156 2394 tib‘t
1182 2293 1344 2384 plus
1374 2288 1703 2384 prodesse
1727 2338 1751 2377 ‚
1790 2313 2009 2381 quam
2048 2314 2285 2383 quum
2323 2291 2416 2362 ad
2456 2295 2658 2364 vadi-

729 2404 1066 2479 monium
1092 2402 1483 2473 advocatus
1516 2396 2018 2501 descenderem
2037 2450 2059 2487 ‚
2102 2415 2229 2471 aut
2257 2400 2513 2475 tabulis
2542 2422 2657 2477 te-

726 2517 1056 2592 statuenti
1079 2517 1380 2589 anulum
1403 2516 1873 2609 inprimerem
1892 2564 1915 2601 ,
1944 2531 2067 2586 aut
2091 2514 2166 2586 in
2207 2532 2455 2588 senatu
2478 2543 2655 2589 can-

729 2622 978 2701 didato
1026 2650 1322 2700 vocem·
1312 2644 1406 2697 -et
1455 2648 1754 2696 manum
1802 2624 2388 2697 commodatem.
2372 2626 2405 2677 ἶ)
2455 2626 2653 2699 Mihi

725 2738 982 2816 erede.
1035 2740 1167 2833 qui
1209 2738 1391 2809 nihil
1424 2761 1655 2837 agere
1654 2734 2025 2823 videntur,
2068 2736 2337 2807 maiora
2378 2758 2644 2836 agunt3

721 2850 1033 2922 humana
1063 2848 1449 2941 divinaque
1476 2848 1687 2918 simul
1730 2861 2046 2918 tractant.
2082 2886 2157 2900 -
2204 2844 2407 2919 Sed·
2388 2874 2526 2919 lam
2557 2850 2646 2919 fi-

701 2944 830 3063 Ιιιίἐι
853 2958 1215 3032 faciendus
1245 2975 1387 3048 est,
1414 2974 1486 3030 et
1510 2955 1830 3051 aliqu-id,
1870 2973 1953 3029 ut
1977 2954 2290 3046 institui,
2336 2982 2468 3051 pro
2508 2961 2647 3032 hac

723 3072 1022 3167 epistola
1044 3062 1633 3164 dependendum.
1661 3066 1746 3137 Id
1779 3090 1931 3139 non
1968 3066 2063 3137 de
2086 3092 2253 3137 meo
2294 3068 2455 3141 fiet:
2508 3070 2643 3139 ad-

603 3160 610 3165 ⁰
717 3178 866 3252 huc
902 3180 961 3251 E
978 3197 1021 3249 P
1033 3198 1065 3249 1
1079 3200 1122 3251 c
1138 3198 1190 3250 U
1204 3200 1258 3252 R
1273 3199 1326 3250 U
1341 3198 1406 3250 M
1442 3178 1861 3271 replicamus
1874 3228 1898 3264 ‚
1932 3179 2132 3250 cuius
2164 3178 2349 3251 hanc
2375 3201 2639 3251 vocem

714 3289 1072 3364 hodierno
1101 3288 1222 3360 die
1247 3288 1421 3387 legi.
1466 3288 1917 3386 Philosophiae
1948 3291 2193 3359 servias
2232 3307 2518 3387 oportet.
2556 3309 2639 3362 ut

719 3400 839 3471 tibi
861 3399 1200 3491 contingat
1226 3422 1384 3471 vera
1420 3397 1700 3470 libertas.
1732 3396 1903 3468 Non
1926 3378 2291 3467 differtur
2274 3421 2352 3467 m
2384 3398 2578 3472 diem
2602 3454 2633 3491 ,

715 3508 849 3601 qui
885 3530 958 3576 se
997 3505 1098 3576 illi
1121 3505 1420 3577 subiecit
1458 3522 1531 3575 et
1572 3503 1884 3575 tradidit.
1925 3502 2181 3585 Statim
2208 3506 2633 3609 circumagi-

714 3624 871 3685 tur:
900 3618 1042 3687 hoc
1066 3616 1258 3687 enim
1283 3617 1520 3710 ipsum
1539 3666 1561 3703 ‚
1590 3614 2090 3709 philosophiae
2106 3618 2383 3705 servire,
2408 3617 2631 3691 liber-

711 3736 814 3793 tas
841 3738 958 3793 est.
1002 3722 1244 3797 Potest
1283 3724 1473 3814 fieri,
1520 3742 1603 3795 ut
1640 3746 1759 3795 me
1796 3724 2223 3823 interroges,
2269 3736 2490 3819 quare
2524 3730 2625 3801 ab

709 3830 1024 3929 Epicure
1058 3850 1209 3906 tam
1251 3838 1485 3909 multa
1518 3834 1709 3909 bene
1750 3834 1939 3909 dicta
1984 3835 2281 3913 referam
2315 3839 2571 3935 'potius
2592 3892 2625 3930 ‚
