2809 4850
545 279 1360 412 EPIS‘roLA
1442 330 1755 410 vat
1976 366 2115 437 ιο,

174 503 444 598 Aeque
471 500 752 594 reliqua,
781 483 1078 594 quoque
1119 500 1306 570 inter
1329 523 1406 568 se
1450 498 1641 593 paria
1674 507 1842 574 sunt
1865 555 1888 593 ,
1922 521 2137 596 trans

179 615 548 709 quinitas,
583 610 1024 704 simplicitas,
1061 609 1437 682 liberalitas
1456 657 1483 699 ,
1510 612 1945 701 constantia,
1990 641 2113 688 ae-

180 721 659 817 quanimitas,
707 721 1109 792 tolerantia:
1167 719 1509 794 omnibus
1556 721 1748 794 enim
1790 721 1931 820 istis
1954 747 2115 816 una
2202 704 2209 718 ¹

179 836 440 908 Virtus
459 832 732 920 subest,
759 855 944 924 quae
966 830 1292 905 animum
1326 847 1607 904 rectum
1628 849 1702 906 et
1726 833 2117 908 indeclina·
2144 901 2159 906 -

177 941 418 1022 bilem
451 957 771 1040 praestat.

312 1051 524 1155 Quid
563 1051 780 1150 ergo?
823 1051 1002 1122 nihil
1043 1049 1335 1125 interest
1379 1054 1564 1129 inter
1604 1051 1945 1150 gaudium
1966 1103 1990 1142 ,
2042 1071 2119 1128 et

183 1161 531 1236 dolorum
569 1159 1040 1251 inflexibilem
1082 1163 1551 1258 patientiam?
1598 1165 1838 1254 Nihil,
1870 1189 2113 1290 quan·-

180 1291 352 1346 tum
373 1272 508 1346 ad
493 1297 668 1366 ipsas
687 1256 1010 1358 virtutes3
1041 1274 1439 1367 plurimum
1469 1271 1655 1344 inter
1676 1273 1793 1344 illa
1810 1323 1835 1360 ,
1866 1274 1951 1342 in
1946 1277 2123 1367 qui·-

181 1383 326 1455 bus
349 1384 574 1455 virtus
601 1381 908 1476 utraque
938 1381 1370 1483 ostenditur3
1405 1384 1481 1451 in
1502 1383 1727 1452 altero
1764 1381 1977 1455 enim
1986 1407 2117 1454 na-

181 1489 428 1567 turalis
471 1508 576 1562 est
619 1491 842 1562 animi
891 1491 1204 1562 remissio
1251 1515 1331 1562 ac
1383 1493 1661 1576 laxitas3
1716 1491 1795 1560 in
1838 1493 2059 1566 altero
2086 1541 2115 1582 ,

183 1617 434 1674 contra
474 1617 802 1672 naturam
847 1599 1077 1674 dolor.
1135 1601 1390 1694 Itaque
1428 1601 1663 1672 media
1690 1617 1887 1680 sunt
1906 1603 2115 1693 haec,

185 1733 385 1804 quae
399 1710 797 1805 plurimum
813 1709 1162 1784 intervalli
1175 1711 1533 1804 recipiunt
1553 1738 1566 1778 =
1594 1713 1813 1782 virtus
1829 1711 1907 1782 in
1922 1728 2124 1786 utro·

188 1843 343 1911 que
381 1843 510 1911 par
552 1833 676 1892 est.
728 1817 1098 1892 Virtutem
1141 1820 1438 1890 materia
1466 1841 1623 1890 non
1658 1837 1931 1908 mutat3
1980 1844 2123 1894 nec

185 1929 514 2018 peiorem
543 1925 709 1996 facit
748 1925 930 1996 dura
953 1941 1030 1996 et
1067 1924 1417 2024 difficilis,
1445 1950 1577 1998 nec
1606 1927 1981 2000 meliorem
2006 1928 2120 1999 hi·

184 2037 346 2111 laris
373 2053 446 2108 et
480 2037 693 2115 laetat
743 2057 1019 2108 necesse
1057 2053 1162 2106 est
1201 2059 1370 2134 ergo
1410 2036 1729 2129 aequalia
1754 2037 1895 2108 sint
1922 2038 2121 2110 bona
2227 2041 2240 2049 ”

188 2161 541 2242 utraque·
569 2146 721 2218 Nec
759 2145 874 2217 hic
898 2160 1136 2239 potest
1177 2169 1269 2217 σε’
1293 2144 1554 2224 melius,
1578 2145 1653 2217 in
1682 2145 1823 2222 hoc
1854 2147 2130 2244 gaudio.

189 2279 430 2352 gerere
450 2307 477 2344 ,
521 2279 656 2328 nec
707 2256 826 2326 ille
859 2255 1111 2326 melius
1155 2253 1232 2324 in
1281 2255 1413 2324 illis
1434 2245 1915 2328 'cruciatibusz
1964 2257 2128 2334 duo.

189 2381 440 2439 autem
460 2416 483 2454 ‚
506 2366 774 2459 quibus
799 2365 977 2451 nihil
997 2365 1146 2437 fieri
1162 2365 1417 2437 melius
1432 2378 1695 2459 potest,
1720 2365 2117 2459 pariasunt.

187 2478 380 2559 Nam
408 2531 433 2568 ‚
459 2481 513 2549 si
539 2505 724 2572 quae
749 2495 944 2551 extra
970 2479 1310 2551 virtutem
1336 2479 1563 2571 posita
1586 2470 1799 2566 sunt}
1827 2497 1953 2558 aut
1978 2482 2121 2554 mi·

188 2612 416 2661 nuere
445 2589 640 2661 illam
659 2605 790 2661 aut
809 2613 1064 2686 augere
1088 2610 1386 2682 possunt
1404 2584 1711 2673 ,desinit
1738 2610 1970 2660 unum
1990 2589 2123 2661 bo-

66 2749 74 2759 ·
185 2720 376 2772 num
397 2721 541 2769 esse
563 2697 774 2791 quod
801 2697 1186 2767 honestum
1211 2712 1334 2765 est.
1383 2693 1465 2766 Si
1492 2696 1631 2766 hoc
1664 2700 2075 2769 concesseris
2094 2748 2128 2789 ²

191 2830 418 2879 omne
443 2808 833 2879 honestum
861 2804 1094 2909 periit.
1131 2806 1406 2924 Quare.
1389 2803 1423 2853 Ρ
1446 2802 1717 2873 dicam:
1746 2806 1919 2896 quia
1942 2805 2131 2895 nihil

192 2918 584 2991 honestum
633 2931 776 2999 est,
831 2899 1036 3005 quod
1078 2911 1168 2981 ab
1219 2911 1449 2989 invito
1472 2960 1495 2997 ‚
1542 2910 1747 3003 quod
1792 2937 1831 2981 a
1872 2930 2129 2985 coacto

189 3027 296 3099 fit.
323 3026 578 3098 Omne
601 3024 986 3098 honestum
1014 3017 1499 3091 voluntarium
1522 3036 1658 3091 est·
1686 3021 1993 3093 admisce
2022 3021 2125 3091 illi

193 3134 557 3233 pigritiam
575 3184 600 3221 ,
629 3132 994 3225 querelam
1014 3180 1036 3221 ,
1063 3127 1717 3229 ¹tergiversationem
1740 3178 1763 3217 ,
1802 3148 2129 3221 metum3

193 3241 406 3335 quod
442 3240 658 3340 habet
685 3239 762 3312 in
791 3264 863 3311 se
888 3240 1251 3333 optimum
1275 3289 1298 3325 ,
1341 3236 1655 3331 perdidit
1676 3289 1705 3323 ,
1728 3238 1863 3309 sibi
1890 3242 2128 3333 place-

194 3378 294 3425 re.
321 3340 496 3423 Non
522 3366 757 3444 potest
783 3350 1170 3421 honestum
1193 3372 1335 3421 esse
1355 3398 1380 3435 ‚
1418 3344 1625 3440 quod
1652 3365 1928 3431 nonest
1950 3348 2131 3420 libe·

195 3472 406 3537 rom:
446 3470 612 3535 nam
637 3462 850 3555 quod
889 3461 1100 3535 timet
1117 3510 1154 3547 ‚.
1179 3459 1412 3531 servit.
1464 3459 1877 3531 Honestum
1904 3481 2127 3534 omne
2242 3533 2259 3549 ,

197 3595 532 3643 securum
559 3585 706 3657 est,
741 3568 1216 3660 tranquillum
1249 3583 1384 3637 est:
1426 3567 1481 3637 si
1507 3582 1777 3639 recusat
1800 3567 2074 3660 aliquid
2094 3616 2130 3659 ,

201 3680 257 3753 si
265 3680 728 3779 complorat,
768 3676 824 3747 si
848 3678 1122 3748 malum
1152 3675 1457 3760 iudicat;
1504 3672 2137 3769 Ρετωώαιίοηεῃί.

198 3789 526 3883 recepit,
566 3804 640 3861 et
683 3786 763 3863 in
812 3807 1070 3885 magna
1102 3782 1449 3931 discordia
1498 3774 1880 3857 volutatur.
1932 3782 2126 3857 Hinc
