2809 4850
717 322 815 400 62
1105 319 1196 398 L,
1241 287 1691 396 ΑΝΝΑΕῙ
1736 319 2250 400 SENECAE

715 503 876 554 cere
903 477 1120 554 docet
1137 479 1589 574 philosophia
1608 530 1635 568 ‚
1685 503 1839 554 non
1866 469 2139 569 dicere3
2176 498 2266 559 et
2304 482 2465 564 hoc,
2494 485 2649 556 exi-

715 595 860 695 git,
887 608 972 671 ut
1001 591 1098 664 ad
1123 593 1358 688 legem
1381 615 1581 664 suam
1611 591 1920 684 quinque
1942 590 2167 681 vivat,
2208 616 2305 666 ne
2324 595 2645 670 orationi

715 707 864 780 vita
913 700 1312 789 dissentiat,
1355 715 1442 772 ut
1482 700 1633 797 ipsa
1676 701 1864 774 inter
1896 728 1971 776 se
1999 703 2150 776 vita
2196 706 2452 795 unius,
2488 709 2650 780 sine

713 816 1084 888 actionum
1114 811 1543 882 dissensione
1562 861 1589 897 ‚
1614 812 1871 884 coloris
1898 813 2009 884 sit.
2052 813 2471 887 Maximum
2502 817 2649 890 hoc

717 941 822 998 est
845 941 922 998 et
960 922 1274 996 officium
1299 920 1679 1014 sapientiae
1697 974 1723 1011 ‚
1763 938 1841 994 et
1860 922 2211 998 indicium
2230 973 2255 1013 ‚
2286 943 2375 998 ut
2407 927 2651 999 verbis

717 1030 1437 1132 operaconcordent,
1464 1048 1550 1104 ut
1583 1030 1735 1128 ipse
1762 1031 2043 1126 ubique
2075 1055 2204 1127 par
2234 1036 2370 1108 sibi
2404 1037 2645 1112 idem·

717 1169 867 1240 que
891 1144 998 1215 sit.
1025 1140 1208 1246 Quis
1225 1141 1360 1212 hoc
1383 1140 1764 1234 praestabit
1783 1133 1824 1211 Ξ)ι
1840 1139 2055 1212 Pauci
2076 1142 2092 1212 Ξ
2124 1142 2353 1234 aliqui
2370 1159 2645 1226 tamen.

714 1251 837 1328 Est
867 1252 1150 1323 difficile
1192 1250 1364 1320 hoc:
1419 1272 1553 1320 nec
1599 1249 1739 1320 hoc
1780 1249 1983 1337 dico,
2044 1251 2439 1345 sapientem
2485 1277 2641 1328 uno
2767 1323 2769 1326 ,

619 1351 622 1356 ’
713 1382 996 1454 semper
1015 1359 1286 1430 iturum
1315 1355 1539 1454 gradu
1559 1405 1586 1442 ‚
1626 1353 1752 1428 sed
1780 1377 1929 1428 una
1960 1357 2091 1454 via.
2134 1350 2469 1442 -Obrerva
2506 1361 2645 1434 ita..

715 1493 867 1564 que
886 1464 1304 1559 ,numquid
1343 1465 1551 1536 vestis
1578 1480 1707 1552 tua
1736 1463 2153 1560 domusque.
2173 1467 2639 1560 dissentiant3

631 1620 650 1633 ι
715 1575 1086 1670 numquid
1101 1574 1270 1646 inate
1287 1573 1587 1645 liberalis
1604 1573 1689 1644 siz
1704 1622 1727 1661 ,
1752 1573 1829 1644 in
1852 1593 2015 1646 tuos
2030 1575 2393 1666 sordidus;
2422 1603 2642 1654 num·
2700 1600 2703 1604 ·

715 1685 900 1782 quid
919 1708 1176 1758 coenes
1199 1682 1558 1782 frugaliter
1573 1733 1599 1772 ,
1620 1685 1941 1756 aedifices
1971 1687 2350 1766 luxuriose.
2398 1690 2641 1765 Unam

717 1795 975 1882 semel,
1005 1791 1098 1864 ad
1143 1816 1364 1886 quam
1412 1792 1643 1882 vivas,
1691 1794 2007 1890 regulam
2056 1795 2326 1888 prende
2348 1845 2372 1884 ,
2412 1793 2504 1869 'et
2547 1796 2641 1870 ad

715 1903 904 1974 hanc
950 1925 1246 1973 omnem
1289 1901 1513 1972 vitam
1554 1915 1756 1972 tuam
1807 1925 2147 1995 exaequa.
2193 1903 2524 2009 Quidam
2570 1932 2642 1984 te

716 2013 920 2084 domi
944 2011 1413 2100 contrahunt,
1440 2011 1739 2086 dilatant
1756 2008 1923 2082 foris
1946 2026 2021 2082 et
2044 2010 2477 2086 extendunt.
2497 2015 2641 2088 Vi-

713 2123 902 2196 tium
928 2136 1031 2192 est
1055 2123 1229 2192 haec
1253 2118 1609 2189 diversitas
1629 2167 1653 2206 ,
1680 2133 1755 2190 et
1772 2118 2053 2216 signum
2070 2120 2459 2192 vacillantis
2482 2123 2639 2194 ani-

715 2230 866 2317 mi,
908 2251 992 2301 ac
1033 2223 1363 2300 nondum
1392 2225 1717 2312 habentis
1755 2243 2084 2300 tenorem
2118 2254 2355 2300 suum.
2402 2229 2639 2306 Etiam

713 2361 917 2412 nunc
959 2338 1190 2410 dicam
1213 2333 1461 2423 ,unde
1493 2334 1580 2406 sit
1608 2333 1735 2407 ista
1770 2321 2242 2410 incomtantia
2262 2388 2285 2428 ,
2318 2353 2393 2409 et
2431 2338 2640 2412 dissi·

659 2448 670 2463 ⁸
713 2449 1058 2525 militudo
1092 2471 1332 2520 rerum
1374 2438 2007 2539 consiliorumque.
2074 2447 2321 2521 Nemo
2355 2474 2640 2547 propo-

713 2560 828 2629 nit
851 2556 986 2627 sibi
1013 2552 1196 2648 quid
1221 2554 1392 2624 velit
1417 2578 1439 2639 3
1484 2576 1621 2626 nec
1644 2603 1669 2642 ,
1709 2554 1763 2623 si
1788 2557 2163 2649 proposuit
2181 2608 2204 2643 ‚
2237 2576 2642 2652 perseverat

717 2665 794 2737 in
813 2688 943 2753 ee,
989 2664 1116 2737 sed
1152 2663 1515 2750 transsilit3
1562 2687 1697 2737 nec
1720 2679 2007 2737 tantum
2046 2684 2320 2757 mutat,
2366 2669 2499 2741 sed
2525 2695 2637 2742 re·

718 2775 871 2861 dit,
909 2789 982 2847 et
1006 2774 1083 2845 in
1119 2796 1248 2863 ea,
1287 2797 1476 2867 quae
1502 2773 1809 2849 deseruit
1832 2798 1917 2847 ac
1955 2774 2358 2865 damnavit,
2398 2780 2641 2853 revol-

714 2896 929 2957 vntur.
1464 2952 1487 2975 ,

811 2985 1066 3091 Itaque
1099 3012 1182 3069 ut
1201 2996 1605 3089 relinquam
1626 2996 2081 3071 definitiones
2106 2997 2496 3095 'sapientiae
2518 3024 2639 3073 ve·

712 3120 936 3193 teres„
973 3123 1046 3184 et
1086 3121 1326 3177 totum
1373 3105 1810 3196 complectar
1848 3105 2204 3177 humanae
2238 3108 2427 3179 vitae
2470 3130 2639 3179 mo-
2676 3190 2688 3207 ι
2766 3172 2768 3181 .

715 3214 894 3283 dum
912 3264 935 3300 ,
983 3212 1112 3284 hac
1144 3207 1436 3305 possum
1472 3224 1861 3283 contentus
1910 3236 2089 3285 esset
2134 3215 2341 3321 Quid
2382 3232 2491 3289 est
2527 3242 2637 3289 sa-

714 3319 984 3415 pientia
1004 3319 1038 3389 ?
1062 3317 1360 3413 Semper
1383 3318 1581 3399 idem
1603 3322 1787 3391 velle
1810 3335 2031 3415 atque
2056 3322 2253 3395 idem
2280 3326 2521 3399 nolle!
2553 3325 2636 3395 li·

713 3445 830 3501 cet
849 3430 1044 3499 illam
1067 3427 1691 3520 exceptiunculam
1711 3451 1863 3501 non
1886 3430 2166 3503 adiicias
2183 3483 2207 3520 ,
2234 3450 2317 3505 ut
2340 3450 2633 3509 rectum

713 3540 806 3623 sit
843 3538 1050 3631 quod
1093 3539 1301 3624 veli83
1337 3562 1490 3609 non
1525 3554 1765 3632 potest
1804 3539 1999 3613 enim
2040 3542 2386 3634 cuiquam
2422 3542 2632 3630 idem

714 3634 1308 3743 semper‘placere
1329 3698 1352 3736 ‚
1389 3648 1535 3719 nisi.
1562 3665 1861 3724 rectum.
1902 3650 2252 3725 Nesciunt
2292 3676 2465 3752 ergo
2490 3656 2633 3727 ho-

583 3830 620 3846 „
715 3752 944 3827 mines
981 3755 1166 3850 quid
1207 3758 1470 3847 velint,
1507 3756 1641 3832 nisi
1680 3757 1813 3842 illo
1850 3776 2233 3835 momento
2247 3810 2275 3855 ,
2312 3758 2477 3857 qino
2500 3786 2632 3838 vo-
