2809 4850
414 380 479 456 E
523 382 581 456 P
627 380 665 456 1
715 374 765 456 S
810 379 886 456 Ἰ·
933 383 1011 458 Ο
1057 381 1231 458 L‘A
1302 383 1753 470 LXXXV.
1900 407 2038 491 325

126 548 201 620 ni
248 547 396 622 hoc
448 548 678 624 modo
717 549 1353 646 Peripateticorum
1404 551 1700 647 quidam
1747 575 2043 647 respon·

125 658 301 734 dent
318 711 343 746 ,
392 677 481 762 pt
502 661 1077 756 inperturbatum
1101 712 1125 752 ,
1166 679 1239 751 et
1266 679 1708 736 constantem
1727 711 1750 749 ‚
1791 677 1866 733 et
1893 663 2043 734 sine

124 771 396 842 tristitia
413 822 438 859 ,
464 772 559 844 sic
591 773 1151 868 interpretentur
1172 823 1195 861 ,
1236 790 1607 866 tamquam
1631 760 2042 872 inperturbat-

128 897 229 952 τω
254 881 535 954 dicatur
557 932 581 972 ,
608 885 739 977 qui
762 907 923 956 raro
942 885 1401 981 perturbatur
1429 904 1500 960 et
1526 885 1814 959 modice
1829 937 1861 974 r
1880 909 2038 957 non

129 989 250 1081 qui
276 1013 719 1084 numquam.
759 993 935 1066 item
962 998 1101 1066 sine
1127 998 1403 1068 tristitia
1429 1018 1600 1067 eum
1623 987 1764 1068 dici
1791 997 1994 1066 aiunt
2013 1043 2040 1083 ,

128 1096 251 1188 qui
275 1122 429 1171 non
460 1116 563 1172 est
594 1101 957 1179 obnoxius
990 1104 1345 1193 tristitiae,
1384 1129 1522 1176 nec
1557 1104 1894 1198 frequens
1929 1099 2042 1174 ni»-

126 1206 393 1278 miusve
422 1208 499 1280 in
530 1211 667 1282 hoc
692 1213 911 1284 vitio.
963 1212 1147 1285 illud
1172 1214 1368 1286 enim
1404 1216 1796 1292 humanam
1823 1227 2041 1283 natu·
2149 1265 2158 1278 .

124 1342 263 1388 ram
300 1343 563 1414 negare
584 1369 607 1408 ,
648 1320 942 1392 alicuius
974 1323 1298 1398 animum
1336 1321 1720 1397 inmunem
1747 1320 2044 1392 essetri-

126 1424 337 1510 stitia;
382 1425 802 1521 Sapientem
848 1451 1019 1500 non·
1052 1431 1241 1503 vinci
1296 1455 1622 1504 moerore
1643 1482 1668 1520 ‚
1721 1446 2044 1503 ceterum

129 1535 309 1632 tangi
328 1566 347 1608 ε
368 1575 447 1590 -—
474 1554 548 1608 et
573 1555 805 1612 cetera
832 1540 905 1610 in
928 1540 1122 1611 hunc
1148 1540 1490 1628 modum,
1509 1555 1918 1612 sectaesuae
1939 1559 2048 1607 ro-

124 1644 567 1737 spondentia.
602 1647 777 1719 Non
800 1647 877 1718 hi
915 1651 1186 1722 tollunt
1213 1650 1572 1738 adfectus,
1609 1647 1737 1722 sed
1765 1662 2046 1740 tempe·

125 1769 289 1825 rant.
308 1757 791 1866 Quantulum
813 1775 1055 1832 autem
1080 1757 1397 1855 Sapienti
1435 1751 1731 1846 damus)
1761 1757 1817 1827 si
1839 1755 2046 1828 inbe-

124 1862 479 1939 cillissimia
520 1865 773 1940 fortior
816 1887 957 1957 est,
1002 1887 1075 1942 et
1112 1867 1586 1942 moestissimis
1631 1866 1926 1954 laetior,
1967 1879 2042 1938 et

121 1974 651 2048 effrenatissimis
688 1979 1165 2066 moderatior,
1204 1997 1279 2050 et
1305 1978 1726 2050 humillimis
1761 1973 2038 2064 maior?

126 2086 365 2189 Quid?
418 2088 473 2158 si
504 2087 803 2160 miretur
844 2088 1296 2162 velocitatem
1340 2113 1543 2161 suam
1577 2087 1915 2177 laudans,
1941 2083 2040 2158 ad

124 2195 403 2268 claudos
430 2197 851 2292 debilesque
876 2201 1251 2294 respiciens
1268 2201 1305 2270 Ξ)

213 2309 347 2378 Illa
368 2309 481 2380 vel
504 2311 793 2382 intactae
818 2312 1055 2405 segetis
1072 2334 1195 2409 per
1222 2321 1477 2381 summa
1499 2305 1750 2382 volaret

208 2419 558 2512 gramina,
587 2442 705 2491 nec
742 2444 936 2492 cursu
971 2436 1225 2492 teneras
1254 2417 1547 2491 laesisset
1575 2416 1818 2487 aristas
1835 2438 1868 2489 5
1915 2446 1924 2448 -
2009 2440 2018 2449 ·

210 2530 313 2600 vel
334 2551 519 2601 mare·
530 2554 649 2629 per
666 2530 945 2605 medium
963 2583 986 2605 ‚
1001 2527 1225 2624 fluctu
1245 2550 1559 2627 suspensa
1589 2528 1866 2597 tumenti
1883 2576 1912 2601 .

201 2636 423 2733 ferret
442 2641 604 2713 iter.
640 2640 871 2709 celeres
902 2662 1020 2710 nec
1054 2640 1335 2731 tingeret
1358 2660 1626 2734 aequore
1645 2636 1938 2735 plantas.
2005 2664 2014 2675 ·

132 2742 313 2818 Haec
334 2767 439 2819 est
464 2747 830 2841 pernicitas
851 2771 981 2840 per
998 2772 1073 2819 se
1096 2749 1453 2819 aestimata
1473 2772 1494 2831 3
1517 2768 1674 2815 non
1698 2764 1886 2838 quae
1905 2759 2040 2815 tan-
2156 2824 2163 2837 ⁸

134 2857 574 2928 dissimorum
600 2856 1009 2928 conlatione
1038 2856 1382 2927 laudatur.
1434 2853 1642 2959 Quid
1664 2904 1687 2941 ‚
1731 2854 1790 2923 si
1809 2874 2040 2925 smus

130 2990 325 3039 voces
352 2967 607 3039 leviter
631 2963 1153 3037 febricitantem
1172 2964 1207 3033 i*
1248 2985 1403 3037 non
1431 2978 1536 3034 est
1559 2961 1754 3033 bona
1782 2958 2043 3031 valitur-

135 3076 221 3145 do
251 3078 701 3149 mediocritas
728 3072 989 3149 morbi.

216 3182 369 3272 Sic,
396 3183 685 3277 inquit,
698 3180 989 3276 Sapiens
1014 3180 1504 3279 inperturbatus
1523 3175 1824 3263 dicitur,
1853 3197 2040 3268 quo-

133 3296 346 3365 modo
392 3298 663 3393 apyrina
700 3292 1082 3379 dicuntur,
1142 3312 1290 3361 non
1320 3288 1587 3383 quibus
1623 3288 1821 3359 nulla
1851 3285 2036 3355 inest

130 3401 375 3475 duritia
408 3424 829 3501 granorum,
870 3400 997 3471 sed
1030 3400 1295 3492 quibus
1334 3398 1596 3469 minor.
1629 3436 1700 3451 -
1755 3394 2038 3465 Falsum

134 3530 242 3580 est.
282 3512 459 3583 Non
489 3510 686 3582 enim
719 3507 1295 3579 deminutionem
1325 3507 1682 3576 malorum
1723 3496 1802 3573 in
1833 3503 2038 3573 bono

130 3617 271 3689 viro
295 3621 657 3719 intelligo,
666 3618 793 3691 sed
808 3613 1303 3689 vacationem.
1292 3614 1523 3685 nulla
1547 3609 1826 3683 debent
1849 3634 2036 3679 esse·
2015 3660 2037 3695 ,

130 3746 271 3798 non
300 3752 548 3823 parva:
576 3753 744 3801 nam
772 3727 827 3798 si
856 3727 1000 3799 ulla-
1022 3739 1225 3811 sunt‚
1266 3738 1586 3796 crescent
1604 3771 1627 3810 ,
1656 3738 1730 3793 et
1751 3721 2032 3791 inte-rim

134 3838 513 3935 inpedient.
582 3837 989 3948 Quomodo
1032 3838 1279 3911 oculos
1336 3833 1568 3909 maior
1609 3850 1686 3907 et
1729 3831 2039 3931 perfecta
2106 3901 2110 3907 ,
