2809 4850
529 193 562 215 N

503 345 1326 444 EPISTULA
1428 355 1776 432 xvlu
2006 321 2099 463 ’,ς

170 520 346 594 tatis
375 543 532 592 non
569 520 888 609 solebat,
933 521 1326 616 voluptatis
1363 544 1565 594 causa
1588 572 1614 611 ,
1650 545 1731 594 ac
1749 501 2102 595 fatorum

176 631 505 720 dierum,
531 646 802 702 vestem
836 630 1286 718 mutavimus.
1325 627 1398 702 Si
1430 647 1505 703 te
1530 633 1715 706 bene
1742 633 1957 719 novi,
1990 655 2099 702 ar·

175 739 349 811 bitti
378 739 705 834 partibus
727 739 1015 812 functus
1033 791 1057 827 ‚
1094 761 1384 834 nec-per
1420 743 1663 814 omnia
1684 767 1817 815 nos
1842 741 2099 815 similes

173 873 324 922 esse
343 850 654 944 pileatae
675 849 930 928 turbae
953 848 1286 922 voluisses
1307 900 1332 939 ,
1371 873 1509 922 nec
1532 875 1663 946 per
1687 853 1929 926 omnia
1956 849 2099 922 dis-

172 959 482 1030 similes:
521 959 654 1029 nisi
691 957 880 1030 forte
903 959 1008 1030 his
1033 959 1350 1033 maxime
1392 959 1647 1034 diebus
1684 962 1929 1034 animo
1950 959 2091 1032 ima

173 1066 588 1162 perandum
623 1081 784 1154 est‚‘
808 1083 896 1138 ut
916 1085 1096 1140 tunc
1142 1067 1637 1162 voluptatibus
1670 1071 1857 1140 solus
1882 1067 2104 1153 absti-

181 1193 350 1249 neat
369 1226 395 1265 ,
429 1199 669 1269 quum
695 1174 774 1245 in
797 1175 946 1246 illas
976 1177 1208 1248 omnis
1239 1177 1449 1247 turba
1474 1178 1887 1272 procubuit.
1931 1177 2105 1248 Cer·

180 1286 536 1356 tissimum
565 1295 1070 1382 argumentum
1101 1284 1449 1357 firmitatis
1472 1309 1640 1357 suae
1661 1285 1849 1380 mpit
1866 1333 1892 1374 ‚
1928 1286 1983 1356 si
2005 1283 2101 1356 ad

181 1391 452 1464 blanda
481 1409 554 1464 et
571 1391 648 1460 in
673 1393 1030 1465 luxuriam
1055 1393 1402 1464 trahentia
1432 1416 1567 1466 nec
1588 1395 1686 1482 it,
1710 1417 1847 1466 nec
1867 1391 2105 1464 abdu-

183 1503 390 1574 citur.
425 1501 596 1574 Hoc
617 1501 854 1572 multo
891 1498 1142 1572 fortius
1169 1516 1271 1571 est
1293 1549 1316 1587 ,
1357 1498 1557 1570 ebrio
1596 1523 1678 1570 ac
1702 1499 2103 1570 vomitante
2184 1539 2207 1564 0

184 1607 472 1707 populo
501 1610 769 1683 siccum
811 1633 896 1681 ac
935 1593 1270 1688 sobrium,
1299 1633 1479 1697 ωας
1526 1607 1709 1680 illud
1746 1622 2105 1702 tempera·-

187 1723 372 1810 tius‚
411 1745 566 1794 non
597 1743 972 1827 excerpere
993 1744 1065 1791 se
1083 1770 1110 1809 ,
1136 1743 1274 1792 nec
1297 1720 1629 1819 insignire
1650 1768 1673 1806 ‚
1701 1741 1839 1794 nee
1854 1717 2105 1790 misee-

190 1834 250 1905 ri
295 1832 672 1917 omnibus;
727 1846 799 1902 et
845 1830 1092 1902 eadem
1111 1878 1137 1920 ,
1186 1827 1324 1902 sed·
1350 1853 1503 1902 non
1532 1829 1794 1902 eodem
1834 1828 2105 1916 modo,

191 1943 453 2016 facere:
491 1945 660 2015 licet
687 1943 879 2014 enirn
901 1942 1050 2012 sine
1075 1942 1354 2014 luxuria
1376 1965 1581 2052 agere
1604 1939 1862 2012 festum
1886 1937 2102 2012 diem.

195 2054 538 2126 Ceterum
559 2049 742 2152 adeo
767 2048 940 2122 mihi
961 2051 1196 2146 placet
1217 2062 1489 2120 tentare
1516 2045 1739 2118 animi
1758 2044 1867 2116 tui
1885 2043 2107 2116 firmi-

195 2175 458 2247 tatem'3
499 2174 584 2230 ut
626 2181 718 2230 ex
737 2174 1118 2252 praecepto
1150 2179 1579 2256 magnorum
1614 2155 1931 2228 virorum
1967 2155 2109 2226 tibi

195 2291 503 2364 quoque
523 2266 984 2364 praecipiam:
1009 2267 1414 2360 interponas
1440 2264 1720 2358 aliquot
1746 2263 1919 2356 dies,
1948 2261 2109 2357 qui-

174 2382 367 2469 bus,
417 2393 804 2452 contentus
846 2376 1151 2458 minimo
1179 2382 1269 2448 'ac
1300 2373 1637 2459 vilissimo
1671 2373 1881 2463 cibo,
1925 2372 2105 2445 dura

194 2507 414 2583 atque
438 2484 730 2561 horrida
751 2498 944 2558 veste
967 2535 990 2573 ‚
1025 2482 1212 2555 dicas
1235 2483 1409 2555 tibi:
1452 2482 1616 2553 Hoc
1646 2496 1747 2553 est
1780 2479 1986 2575 quod
2014 2480 2107 2551 ti·

195 2598 584 2683 mebatur?
638 2597 724 2669 In
765 2590 922 2689 ipsa'
959 2592 1324 2667 securitate
1361 2590 1645 2661 animus
1679 2586 1773 2659 ad
1796 2587 2108 2661 difficilia
2218 2672 2228 2679 ,

197 2735 268 2781 se
295 2721 670 2803 praeparet
687 2757 712 2796 ,
739 2720 818 2777 et
840 2718 1086 2780 contra
1109 2702 1392 2775 iniurias
1419 2699 1748 2773 fortunae
1776 2700 1959 2772 inter
1984 2700 2107 2771 be·

199 2817 452 2889 neficia
477 2814 821 2901 firmetur.
865 2814 1071 2888 Miles
1095 2813 1168 2884 in
1201 2812 1441 2883 media
1464 2834 1641 2905 pace
1674 2808 1987 2881 decurrit
2016 2808 2108 2879 siz·

199 2950 292 2997 ne
327 2926 482 2997 ullo
509 2925 754 3013 hoste,
788 2923 1056 2994 vallum
1088 2919 1285 3006 iacit,
1313 2933 1387 2988 et
1422 2939 1861 3011 supervacuo
1900 2916 2107 2988 labo-

201 3061 274 3107 re
313 3039 602 3107 lassatur
618 3087 644 3123 ,
683 3049 771 3107 ut
793 3036 1107 3107 sufficere
1149 3029 1533 3102 necessario
1564 3028 1803 3129 ppssit.
1857 3028 2105 3131 Quem

203 3147 280 3217 in
317 3148 468 3241 ipsa
502 3170 582 3217 re
610 3142 959 3239 trepidare
983 3140 1294 3216 nolueris
1311 3189 1336 3228 ,
1373 3152 1542 3209 ante
1574 3160 1728 3209 rem
1748 3158 2103 3241 exerceas.

205 3252 374 3325 Hoc
414 3253 639 3325 secuti
683 3266 891 3340 sunt,
927 3250 1055 3345 qui
1074 3302 1097 3337 ,
1141 3244 1483 3349 omnibus
1524 3244 1887 3317 mensibus
1916 3265 2107 3338 pau·

207 3379 555 3457 pertatem
585 3362 888 3449 imitati,
919 3384 1147 3456 prope
1176 3358 1270 3429 ad
1299 3357 1619 3452 inopiam
1644 3371 2104 3443 accesserunt,
2182 3378 2191 3392 ‘

209 3496 300 3543 ne
337 3495 693 3565 umquam
737 3484 1281 3565 expavescerent
1325 3466 1532 3560 quod
1582 3490 1788 3561 saepe
1828 3462 2110 3535 didiciss-

207 3600 380 3659 sent.
416 3584 495 3657 N
498 3606 597 3655 on
607 3598 730 3655 ⁸-est
749 3602 946 3655 nunc
972 3580 1176 3674 quod
1207 3578 1561 3651 existimes
1582 3600 1699 3647 me
1718 3574 1953 3645 dicere
1976 3570 2109 3641 Ti·-
2152 3664 2159 3668 =

209 3718 498 3767 moneas
520 3700 808 3779 coenas3
851 3708 924 3765 et
940 3712 1336 3784 pauperum
1351 3689 1555 3758 cellas
1574 3736 1598 3772 ‚
1630 3699 1703 3755 et
1737 3680 2107 3776 quidquid

206 3804 401 3877 aliud
425 3820 568 3896 est,
593 3828 720 3901 per
743 3801 952 3899 quod
983 3799 1264 3875 luxuria
1287 3797 1699 3877 divitiarum
1724 3792 1959 3867 taedio
1992 3795 2105 3870 lu·
