2809 4850
744 417 885 519 358
1124 415 1207 494 L.
1255 411 1706 488 ANNAEI
1749 407 2322 488 SENECAE.

740 598 975 680 gmata
994 601 1124 676 per
1146 601 1219 650 se
1242 574 1599 676 surgentia
1621 573 2032 672 excogitant
2050 625 2074 662 ,
2113 589 2188 647 et
2209 573 2552 647 tabulata
2577 590 2674 648 ta-

742 690 881 763 cite
913 691 989 760 in
1026 685 1337 759 sublime
1371 683 1789 772 crescentia,
1838 702 1911 757 et
1951 685 2114 756 alias
2155 709 2250 756 ex
2283 685 2673 778 inopinato

740 799 1145 885 varietates,
1169 811 1297 869 aut
1329 796 1852 868 dehiscentibus
1873 847 1894 885 ,
1937 819 2127 889 quae
2151 797 2666 873 cohaerebant;

738 925 865 983 aut
888 908 1071 998 his,
1086 931 1273 1004 quae
1312 905 1708 994 distabant,
1740 931 1868 978 sua
1903 924 2162 1000 sponte
2189 907 2666 993 coeuntibus,

738 1032 869 1092 aut
888 1015 997 1086 his
1012 1038 1252 1108 ,quae
1280 1003 1735 1099 eminebant
1775 1012 2169 1108 paulatim
2150 1037 2227 1084 m
2253 1030 2328 1084 se
2355 1013 2668 1095 residem-

738 1123 975 1197 tibus:
1006 1123 1154 1194 his‘
1136 1122 1610 1217 inperitorum
1638 1118 1992 1191 feriuntur
2021 1119 2270 1207 oculi,
2301 1119 2556 1192 omnia
2571 1143 2666 1189 su·

741 1232 893 1307 bita
918 1231 1139 1326 (quia
1161 1253 1393 1303 causas
1418 1252 1570 1303 non
1599 1229 1911 1324 novere)
1953 1227 2398 1301 mirantium.
2443 1229 2668 1300 Pueri·

742 1342 836 1414 les
874 1357 1043 1412 sunt
1064 1379 1095 1428 ς
1142 1356 1215 1411 et
1248 1338 1524 1432 aliquid
1564 1337 1908 1418 habentes
1939 1336 2356 1409 liberalibus
2394 1336 2619 1408 simile
2637 1388 2662 1426 ,

738 1451 871 1524 hae
896 1466 1073 1524 artes
1086 1501 1110 1538 ‚
1142 1473 1315 1544 quas
1346 1441 1735 1558 manhu,
1769 1449 2057 1538 Graeci,
2101 1449 2331 1522 nostri
2375 1451 2662 1524 liberales

738 1577 1024 1632 vocant.
1074 1557 1285 1633 Solae
1312 1579 1556 1634 autem
1579 1561 1872 1632 liberales
1901 1577 2106 1648 sunt,
2151 1559 2418 1646 imme,
2451 1576 2538 1632 ut
2559 1559 2660 1631 di·-

736 1691 897 1742 cam
924 1671 1189 1758 verius,
1228 1671 1502 1746 liberae,
1527 1669 1796 1762 quibus
1815 1693 2026 1742 curae
2057 1667 2303 1766 Virtus
2327 1685 2458 1745 et.

640 1869 647 1876 .
840 1780 1500 1890 Quemadmodum
1522 1833 1547 1870 ,
1587 1781 1834 1874 inquit
1851 1832 1875 1870 ,
1919 1798 2021 1853 est
2045 1781 2283 1875 aliqua
2311 1805 2476 1874 pars
2503 1779 2657 1854 Phi·-

742 1892 1062 1991 losopkiae
1086 1893 1417 1966 naturalis
1437 1944 1461 1982 ,
1511 1909 1616 1964 est
1647 1893 1884 1986 aliqua
1923 1893 2232 1978 moralis,
2270 1907 2380 1964 est
2423 1894 2656 1986 aliqua

740 1999 1130 2088 rationalis3
1164 2004 1259 2074 sic
1306 2020 1378 2074 et
1413 2003 1586 2073 haec
1613 2027 1915 2096 quoque
1953 2003 2360 2076 liberalium
2403 2001 2656 2074 artium

738 2109 947 2180 turba
976 2113 1222 2190 locum
1260 2111 1391 2184 sibi
1427 2099 1503 2183 in
1531 2113 1980 2208 Philosophia
2013 2111 2354 2184 vindicat.
2400 2111 2656 2217 Quum

738 2236 1045 2294 ventum
1084 2243 1187 2294 est
1218 2221 1311 2294 ad
1354 2225 1702 2298 naturales
1751 2223 2236 2318 quaestiones,
2268 2227 2657 2318 geometriae

737 2331 1153 2427 testimonio
1184 2347 1421 2406 statur.
1469 2330 1700 2431 Ergo,
1724 2359 1949 2429 quam
1981 2334 2306 2422 adiuvat,
2334 2359 2498 2429 pars
2513 2335 2654 2404 eius
2781 2329 2783 2405 4

738 2459 861 2515 est.
894 2482 969 2497 -
1025 2444 1253 2515 Multa
1290 2444 1635 2515 adiuvant
1673 2468 1844 2531 nos,
1886 2468 2022 2517 nec
2067 2444 2234 2515 ideo
2264 2462 2498 2539 partes
2528 2469 2656 2515 no-

734 2564 915 2620 strae
948 2568 1162 2638 sunt3
1204 2552 1475 2640 immo,
1505 2555 1558 2625 si
1595 2568 1826 2648 partes
1860 2570 2088 2627 essent
2110 2608 2133 2643 ,
2167 2578 2320 2625 non
2364 2554 2652 2625 adiuva·
2779 2560 2781 2652 ]

734 2675 913 2733 rent.
960 2660 1185 2735 Cibus
1222 2662 1662 2742 adiutorium
1701 2667 2013 2758 eorporis
2045 2681 2184 2754 est,
2221 2689 2379 2737 non
2412 2681 2648 2736 tamen

732 2794 891 2867 pars
914 2788 1037 2845 est.
1082 2774 1384 2869 Aliquid
1425 2776 1635 2847 nobis
1664 2795 1965 2871 praestat
1995 2773 2429 2878 geometriae
2457 2779 2648 2852 mini·
2777 2804 2779 2896 A

732 2882 1048 2955 sterium.
1082 2880 1199 2957 Sic
1228 2885 1723 2979 philosophiae
1751 2888 2124 2959 necessaria
2153 2902 2295 2975 est,
2334 2911 2646 2979 quomo-

732 2986 835 3059 do
874 2988 1007 3084 ipsi
1046 2990 1282 3063 faberz
1329 2990 1454 3063 sed
1491 3015 1626 3063 nec
1676 2993 1788 3067 hic
1829 2994 2260 3091 geometriae
2299 3018 2460 3087 pars
2504 3010 2638 3080 est,

729 3118 865 3167 nee
884 3100 1001 3169 illa
1026 3100 1542 3197 philosophiae.
1569 3104 1929 3175 Praeterea
1955 3121 2257 3197 utraque
2284 3103 2460 3173 fines
2483 3127 2638 3174 suos

652 3198 665 3207 ⁶
728 3206 968 3279 habet.
1012 3210 1301 3303 Sapiens
1328 3211 1523 3283 enirn
1559 3236 1788 3283 causas
1815 3212 2245 3285 naturalium
2269 3228 2342 3282 et
2372 3210 2640 3303 quaerit

728 3330 803 3387 et
828 3316 1074 3407 novit,
1116 3342 1432 3409 quorum
1457 3342 1794 3391 numeros
1816 3344 2320 3413 mensurasque
2353 3344 2639 3417 geome-
2773 3278 2775 3384 A

723 3439 836 3497 ter
854 3428 1297 3521 persequitur
1320 3446 1392 3501 et
1423 3430 1782 3556 subputat.
1821 3432 1990 3539 Qua
2010 3432 2281 3503 ratione
2307 3445 2634 3503 constent

724 3540 1094 3627 coelestia,
1151 3564 1338 3643 quae
1376 3541 1510 3611 illis
1553 3542 1640 3613 sit
1677 3542 1816 3632 vis,
1865 3566 2142 3637 quaeve
2191 3557 2490 3629 natura,
2539 3568 2636 3613 sa-
2771 3552 2773 3629 ῑ

725 3646 927 3739 piens
949 3650 1119 3721 scit.
1168 3674 1409 3723 cursus
1433 3669 1507 3723 et
1531 3676 1888 3740 recursus,
1917 3671 1990 3724 et
2025 3636 2392 3745 quasdam
2409 3656 2638 3724 obser·
2769 3736 2771 3741 .

723 3759 1079 3847 vationes,
1110 3784 1239 3853 per
1277 3782 1454 3856 quas
1487 3763 1928 3853 descendunt
1964 3782 2035 3835 et
2074 3762 2535 3853 adlevantur,
2561 3785 2634 3835 ac
2769 3780 2771 3874 ἢ

722 3866 1030 3965 speciem
1046 3870 1414 3983 interdum
1441 3875 1778 3952 stantium
1805 3876 2192 3983 praebent,
2225 3898 2464 3970 quum
2489 3898 2633 3949 coe·
